4475 6400
473 607 569 670 xxlv
856 598 1093 664 Montanum
1110 595 1357 659 latomorum
1379 592 1592 654 marmana

423 831 424 835 .
477 783 567 862 paq.
594 757 665 863 till,
690 762 769 839 tab.
794 778 902 855 xxur,
925 778 968 847 n,
997 747 1065 855 lii)
1095 755 1136 832 et
1164 750 1419 832 Mommsenio
1439 747 1588 850 (unta.
1614 749 1718 829 utar.
1744 766 1834 844 pag.
1863 743 1963 853 184,

474 904 553 984 lab.
588 924 639 1004 x,
672 922 716 979 n.
750 893 848 999 26),
880 914 962 992 quo
990 893 1126 972 neseio
1162 912 1236 969 our
1264 888 1432 970 ekhad
1461 888 1693 968 femininum
1731 891 1773 967 et
1805 886 1966 967 ablativi

474 1060 591 1118 casus
620 1034 825 1131 vulgatum
854 1033 915 1108 est
943 1029 1020 1107 hie.
1045 1026 1158 1106 Patet
1188 1026 1299 1106 enim
1326 1049 1378 1107 ex
1408 1049 1575 1107 numero
1597 1027 1817 1106 litterarum
1847 1028 1966 1125 primi

474 1176 516 1253 et
548 1168 739 1268 postremi
773 1185 935 1266 versus,
970 1163 1012 1240 in
1051 1160 1191 1259 quinto
1228 1161 1393 1240 verbum
1428 1183 1516 1241 esse
1545 1134 1888 1266 pratfu'l'lssll,
1921 1162 1964 1242 in

474 1310 602 1409 primo
630 1326 777 1388 nomen
806 1302 1026 1403 quaestoris
1065 1304 1106 1380 et
1141 1300 1265 1398 patris
1294 1301 1403 1404 eius,
1434 1301 1478 1381 in
1513 1300 1641 1380 altero
1669 1300 1868 1380 oontiueri
1897 1303 1967 1380 de-

473 1445 626 1522 cretum
658 1440 877 1536 cuiuspiam
906 1436 1065 1531 collegii
1094 1436 1178 1515 sire
1208 1440 1456 1536 magistratus
1485 1439 1556 1537 qui
1585 1458 1686 1534 opus
1713 1437 1802 1517 fleri
1831 1438 1963 1544 iussit,

473 1577 633 1656 tertium
663 1596 759 1654 raro
787 1575 920 1653 dioere
952 1573 1058 1668 quod
1089 1576 1278 1668 quaestor
1311 1576 1388 1654 hoo
1425 1595 1525 1671 opus
1561 1573 1790 1653 laciendum
1825 1574 1964 1653 dedit:

475 1715 572 1814 quid
600 1717 731 1791 tamen
762 1713 805 1789 in
835 1732 894 1790 rs.
922 1703 954 1788 4
982 1708 1274 1808 exprimeretur
1302 1709 1499 1789 incertum
1529 1713 1605 1811 est,
1637 1729 1731 1787 nam
1760 1710 1882 1787 rerba
1902 1711 1971 1787 de·

476 1849 588 1950 sunt,
618 1848 659 1925 et
688 1864 907 1943 pronomen
938 1838 1079 1923 laida
1107 1844 1214 1942 quod
1244 1847 1441 1943 supplerit
1470 1847 1765 1952 Mommsenius,
1791 1850 1898 1947 apud
1927 1868 1970 1925 se

474 1986 747 2067 accusativum
777 1986 986 2082 requirere
1012 1984 1185 2063 videtur.

473 2612 482 2626 ·
568 2571 893 2593 ............
897 2516 1133 2611 illustra-rr
1207 2409 1236 2464 ²⁶
1289 2494 1328 2581 P·
1353 2494 1468 2586 Ιιιῑιι
1502 2558 1905 2583 .........

528 2662 546 2715 2
580 2708 956 2731 ..............
971 2656 1140 2748 erotus
1291 2635 1413 2723 rollo
1453 2697 1904 2719 ..........

574 2847 724 2869 ......
754 2794 1139 2887 ιιιΞΠΝιιιιθιιξιτ
1291 2776 1561 2911 terniuurut.
1603 2838 1611 2856 .
1651 2840 1660 2858 .
1700 2838 1709 2855 .
1749 2836 1759 2854 .
1799 2837 1808 2853 .

527 2933 1136 3027 r..s3)run·ur]·rauuoo)
1294 2980 1303 2996 .
1346 2980 1354 2996 .
1395 2981 1404 2999 .
1446 2979 1454 2997 .
1492 2915 1543 3003 ur
1561 2912 1708 3025 pallad)
1751 2977 1760 2995 .
1801 2975 1809 2991 .
1850 2979 1857 2995 .
1899 2979 1908 2996 .
1984 3014 1996 3031 .

593 3172 733 3253 tribus
772 3169 1004 3270 fragmentis
1040 3170 1195 3251 collatis
1230 3174 1332 3251 liaeo
1371 3174 1490 3253 modo
1523 3173 1710 3269 leguntur
1745 3169 1788 3245 in
1826 3168 1966 3272 titulo,

478 3316 593 3394 ouius
628 3311 785 3410 reliqua
820 3310 1095 3389 desiderantur
1123 3300 1360 3414 2015me
1397 3311 1552 3390 duobus
1587 3330 1639 3387 ex
1674 3306 1829 3413 verbis,
1866 3328 1971 3403 quae

476 3447 593 3529 nobis
621 3447 833 3527 restituere
862 3446 1022 3550 datum,
1056 3446 1187 3542 palam
1217 3447 1278 3525 est
1305 3444 1372 3539 agi
1400 3445 1450 3522 de
1478 3441 1757 3522 terminatione
1791 3443 1832 3518 et
1860 3460 1971 3518 men·

479 3602 573 3663 sura
591 3582 802 3661 cuiusdam
820 3580 910 3662 riae
929 3601 1051 3680 quam
1069 3579 1223 3659 aediles
1241 3585 1445 3663 curarunt.
1467 3581 1628 3680 Lepsius
1646 3599 1806 3679 quoque
1825 3577 1965 3678 (inser.

476 3723 607 3801 umor.
633 3725 676 3803 et
692 3741 810 3802 oreae
827 3719 919 3818 paq.
946 3713 1019 3822 70,
1042 3723 1122 3798 tar.
1145 3741 1258 3830 axin,
1280 3743 1323 3802 n.
1350 3715 1418 3824 16)
1449 3725 1490 3802 et
1517 3718 1795 3800 Mommsenius
1814 3713 1964 3815 (linter.

478 3856 582 3934 Diui.
617 3875 707 3952 pag.
747 3849 847 3953 182,
879 3852 960 3931 tab.
995 3873 1037 3952 x,
1069 3873 1112 3931 n.
1147 3849 1237 3963 23),
1269 3857 1512 3953 quibusiam
1532 3854 1658 3935 editus
1688 3835 1764 3954 est,
1786 3851 1829 3928 iu
1856 3845 1969 3929 vad
2029 3861 2034 3870 ’

477 3996 665 4076 viderunt
704 3990 971 4076 teramnar‘
1004 4013 1054 4073 ae
1093 3996 1195 4075 nihil
1229 3992 1339 4072 aliud
1377 3993 1421 4072 in
1457 4015 1517 4074 rs.
1561 3987 1593 4072 4
1629 3993 1725 4070 ante
1759 3988 1966 4070 litteras..

477 4154 634 4233 meos,
666 4133 734 4211 nbi
764 4129 998 4209 Garruooius
1027 4132 1184 4230 invenit
1212 4133 1259 4208 DI
1290 4131 1555 4230 (deiterata
1590 4149 1684 4231 pop.
1712 4122 1843 4229 1862,
1874 4147 1965 4225 pag.

479 4263 564 4371 84)
594 4271 713 4366 atque
743 4264 842 4345 mihi
871 4263 1000 4346 risum
1034 4271 1095 4346 est
1124 4269 1259 4364 legere
1288 4274 1360 4373 nr,
1393 4271 1599 4369 postquam
1636 4265 1781 4365 prioris
1817 4265 1971 4345 litterae

476 4404 742 4500 fragmentum
781 4422 874 4481 oum
903 4403 934 4478 D
963 4403 1004 4479 et
1039 4406 1070 4482 R
1105 4425 1249 4485 vocum
1286 4404 1449 4488 aidi...
1492 4410 1533 4485 et
1568 4409 1823 4485 terame...
1862 4420 1969 4479 oom-

478 4539 628 4638 parari.
674 4540 884 4636 Propterea
922 4537 1030 4633 quod
1067 4540 1266 4647 verbum,
1309 4543 1415 4640 quod
1455 4540 1690 4620 Garrueoius
1727 4531 1966 4635 hariolarit,

476 4676 910 4780 rereuetdimeaa,
932 4675 1193 4760 indicendum
1224 4695 1307 4756 non
1336 4675 1523 4755 arbitror.

477 5301 552 5352 osea
571 5284 676 5349 l'attro
690 5286 786 5353 launa
807 5286 965 5371 ahoqulri
975 5288 1198 5355 traserivonw
1240 5297 1308 5358 tum
1324 5293 1368 5378 (ο.
1384 5310 1414 5358 o.
1430 5309 1501 5375 pap.
1517 5290 1585 5367 110,
1601 5307 1634 5354 n.
1644 5288 1736 5373 ml)
1749 5287 1783 5352 iu
1795 5305 1860 5372 quo
1872 5305 1963 5356 man·

477 5382 562 5458 Quae
577 5398 651 5447 vero
669 5391 743 5447 sunt
760 5385 923 5468 inscriptio
932 5405 1026 5470 quam
1036 5407 1131 5472 supra
1141 5388 1197 5452 de-
1237 5392 1281 5457 tio
1294 5402 1343 5457 est
1355 5392 1572 5457 ministrorum
1587 5388 1744 5453 Fortunae
1757 5387 1927 5469 Augustae.

476 5480 508 5544 di
521 5478 601 5563 (tab.
619 5496 666 5561 ιιι,
683 5498 714 5545 ιι.
730 5480 759 5562 ι)
772 5489 903 5547 otnuue
914 5487 946 5549 in
960 5487 997 5553 lt.
1008 5486 1086 5553 Has.
1101 5486 1196 5554 Borb.
1277 5489 1317 5550 tlt
1330 5485 1445 5551 coolm
1465 5485 1594 5548 titulum
1614 5484 1646 5547 in
1666 5484 1702 5548 a.
1717 5482 1794 5547 flos.
1809 5481 1905 5548 Borb.
1929 5497 1960 5543 n.

477 5599 510 5644 ιι.
525 5578 887 5664 amarmurmultus
905 5585 1111 5655 ttommaeuio
1130 5588 1200 5655 edi-
1238 5586 1330 5668 aluo,
1345 5601 1410 5668 qoo
1422 5585 1569 5650 adeamus
1578 5575 1721 5650 esterno
1733 5582 1821 5650 1866.
