4475 6400
662 614 713 675 to
734 614 850 676 rrnnu
870 613 1173 677 lammroonvu
1193 613 1394 678 exmussl.
1561 700 1566 707 ,
1671 621 1767 683 xxxi

284 769 553 869 gniticentiam
582 770 942 870 monumentorum,
965 784 1071 868 qnae
1099 783 1126 841 a
1153 762 1330 858 petronis
1355 761 1551 865 coloniae,
1573 765 1765 861 apietate

284 906 534 1005 llumnchiae,
556 906 608 983 ab
626 903 861 987 auctoritate
881 903 1180 998 magistratuum
1209 899 1312 979 tacta
1340 897 1484 977 deinde
1503 898 1569 976 rel
1588 897 1772 977 dedicata

284 1043 413 1143 tuere,
435 1045 569 1122 tamen
599 1062 643 1119 se
671 1041 804 1121 locum
834 1040 1086 1119 multitudine
1104 1039 1400 1135 frequentatum
1423 1036 1607 1133 ludisque
1636 1040 1771 1132 aptum

285 1178 491 1276 permultis
520 1179 841 1276 inscriptionibus
870 1180 1105 1281 praebetur3
1126 1200 1175 1257 ac
1204 1180 1414 1275 propterea
1441 1177 1588 1254 Forum
1612 1175 1769 1255 aPom-

286 1313 441 1412 peianis
471 1309 754 1396 versarium
778 1316 847 1391 out
865 1312 1186 1396 venatoriae
1203 1317 1445 1415 appellatum
1465 1313 1652 1416 eoniieio,
1674 1314 1770 1411 quia

285 1452 327 1532 in
356 1472 448 1530 eum
478 1453 608 1532 locum
637 1454 680 1530 ut
710 1451 991 1530 incommune
1027 1449 1298 1531 deversorium
1333 1469 1415 1527 non
1451 1447 1656 1527 habitandi
1693 1448 1766 1527 sed

286 1588 335 1665 od
365 1593 520 1685 tempus
549 1585 817 1667 commorandi
846 1604 986 1664 caussa
1015 1585 1281 1665 divertebatur
1301 1584 1365 1681 (ct.
1389 1603 1531 1663 utura.
1575 1585 1627 1663 ad
1650 1603 1767 1662 uana.

287 1721 412 1823 Epist.
453 1723 521 1801 lib.
561 1743 622 1823 vr,
658 1716 756 1822 litt:
790 1742 870 1819 qua
906 1722 957 1799 de
994 1742 1039 1800 re
1075 1719 1239 1797 verbum
1268 1716 1472 1814 tuamet
1497 1741 1589 1799 cum
1618 1718 1769 1815 temno

148 1954 152 1965 ,
289 1859 461 1960 (rnsrvs,
492 1859 563 1937 lib.
597 1878 651 1959 vr,
684 1876 773 1953 pag.
800 1852 855 1936 87
876 1856 1035 1956 ltiiller)
1054 1860 1095 1937 et
1108 1856 1360 1957 praesentim
1380 1859 1503 1963 (mro,
1526 1861 1581 1940 Dc
1599 1881 1645 1941 re
1663 1863 1763 1941 rust.

287 2013 375 2088 cap.
415 1988 520 2097 1413
553 1994 604 2071 ct.
629 2014 716 2090 cap.
744 1986 841 2093 lac)
862 1990 1136 2072 vetustissimis
1153 1991 1308 2073 romani
1332 1994 1526 2074 sermonis
1546 1995 1707 2073 vocibus
1727 1997 1769 2072 et

287 2132 433 2207 naun
461 2128 691 2209 Doricorum
720 2131 1004 2230 comparatum,
1020 2127 1144 2206 latine
1172 2124 1270 2207 dicit
1288 2128 1499 2229 explicavi,
1516 2130 1624 2225 quod
1652 2130 1695 2205 in
1723 2148 1769 2206 re

286 2264 458 2343 oratoria
486 2264 610 2344 valuit
638 2283 798 2345 caussas
826 2263 959 2344 dicere
978 2264 1021 2341 in
1039 2268 1140 2347 iloto
1159 2265 1363 2362 eleganter
1391 2265 1618 2362 gravissime
1648 2270 1689 2344 et
1707 2287 1772 2346 co-

287 2400 507 2494 piosissime
538 2401 723 2501 (nnunsm,
759 2399 902 2477 Pecto.
937 2400 1006 2479 tat.
1041 2419 1130 2496 pag.
1170 2394 1293 2500 123).

405 2535 486 2612 Nec
515 2538 648 2613 aulem
676 2554 831 2613 sacram
849 2535 933 2614 sive
952 2534 1163 2613 iuridicam
1191 2534 1517 2631 significationem
1538 2556 1617 2616 vox
1637 2533 1773 2617 dicem

291 2668 358 2745 hic
385 2669 534 2746 habere
564 2669 733 2765 ridetur,
756 2690 848 2759 cum
876 2670 1034 2766 reliqua
1061 2668 1193 2746 desint
1220 2689 1325 2766 quae
1355 2670 1390 2747 si
1418 2671 1468 2748 de
1497 2669 1773 2766 propitiatione

289 2806 453 2885 deorum
482 2808 546 2887 rel
575 2808 625 2885 de
655 2807 743 2890 iure
773 2812 942 2892 dicendo
970 2810 1157 2907 ageretur
1186 2808 1445 2904 exprimenda
1473 2808 1623 2886 forent:
1646 2827 1767 2905 quam

294 2964 389 3023 vero
414 2928 653 3023 'sententiam
689 2946 795 3026 haud
830 2945 956 3023 fusius
991 2960 1186 3039 exponam
1223 2961 1299 3019 nec
1333 2938 1568 3044 defendam,
1599 2941 1695 3019 dum
1723 2942 1775 3018 ab

290 3080 465 3177 ipsarum
500 3084 800 3181 inscriptionum
835 3087 1025 3202 contextu
1054 3078 1303 3175 figurativum
1342 3098 1501 3157 omnem
1541 3085 1582 3160 et
1621 3080 1772 3157 metha·

289 3217 499 3311 phoricum
528 3239 689 3298 sensum
718 3222 886 3302 reiicere
915 3222 1155 3318 interpretes
1181 3216 1361 3296 arbitrati
1379 3217 1484 3297 sunt.
1510 3220 1685 3298 Duorum
1704 3217 1776 3314 igi·

290 3359 355 3433 tur
385 3357 589 3436 titulorum
620 3358 831 3440 litteralem
861 3358 1167 3457 explicationem
1195 3356 1230 3433 si
1259 3356 1504 3460 quaerimus,
1538 3376 1694 3435 summa
1718 3357 1775 3434 ta·

289 3490 437 3569 cilitate
467 3510 701 3589 summaque
730 3514 821 3573 cum
850 3492 929 3574 fide
957 3492 1012 3571 ita
1041 3495 1328 3576 restituendam
1354 3495 1559 3573 existimo:
1580 3481 1778 3594 per‘ltonc

288 3624 396 3703 otum
423 3625 567 3706 itinere
596 3629 800 3707 contrmto
829 3630 908 3707 itur
936 3623 1014 3705 dno
1043 3627 1087 3708 in
1114 3628 1221 3729 loco,
1252 3624 1355 3705 idest
1381 3626 1435 3706 cd
1464 3629 1610 3707 turrim
1647 3649 1699 3706 ru
1735 3633 1777 3709 et

290 3759 342 3838 nd
373 3762 533 3866 Forum,
557 3763 629 3842 udi
654 3765 771 3844 Mara
790 3764 954 3846 Adulas
978 3766 1087 3847 Vidit
1111 3764 1218 3865 filim
1247 3767 1370 3846 cerdo
1389 3764 1444 3846 od
1454 3767 1646 3868 poputum
1663 3766 1775 3864 facit.

985 4044 1083 4143 vll.

968 4253 1098 4276 uh·-

339 4626 652 4746 1111113013
685 4666 693 4683 ·
729 4633 819 4705 11111
901 4609 1013 4699 lein
1043 4610 1229 4699 ducrum
1403 4681 1527 4699 .....
1545 4627 1718 4702 nevum

344 4765 819 4844 venenuo-tollo
903 4779 948 4843 1111
958 4813 1223 4842 ......
1464 4791 1468 4800 ·

411 5027 667 5125 Progrnmmn
695 5035 804 5128 quod
832 5037 951 5116 relidi
980 5060 1022 5116 n.
1050 5031 1074 5116 l
1096 5034 1246 5115 editum
1276 5036 1336 5113 est
1353 5055 1380 5114 a
1399 5033 1588 5114 Guarinio
1614 5035 1778 5134 (domm.

292 5189 346 5266 rr,
379 5188 470 5265 pag.
506 5166 589 5271 283
622 5170 734 5249 Fasti
759 5170 919 5254 deamo.
954 5196 1044 5273 pag.
1078 5171 1154 5278 22,
1187 5194 1229 5251 n.
1257 5170 1322 5272 8),
1345 5171 1498 5252 llicelio
1519 5173 1673 5272 (Stoma
1699 5176 1779 5254 tab.

291 5327 393 5409 m,
425 5328 467 5386 n.
503 5301 579 5410 a),
611 5287 863 5392 coaeterno
893 5315 1015 5414 (aaa.
1051 5315 1148 5416 einp.
1183 5331 1303 5392 oscae
1330 5329 1421 5406 pag.
1461 5305 1546 5416 aa,
1584 5314 1665 5393 aa.
1708 5317 1781 5412 n),

292 5446 430 5543 Lepsio
462 5444 608 5542 (laser.
643 5453 773 5531 umor.
808 5456 851 5532 el
877 5475 997 5538 oreae
1026 5475 1115 5553 pag.
1143 5447 1509 5554 cs,1n.nn,n.
1537 5446 1601 5553 l),
1625 5455 1784 5532 llomm·

291 5580 404 5659 senio
434 5577 594 5677 (Ualen.
631 5585 735 5664 mat.
771 5607 859 5682 pag.
898 5583 999 5695 lac,
1033 5591 1113 5669 tab.
1151 5611 1224 5688 xr,
1267 5611 1308 5666 n.
1344 5582 1401 5663 29
1433 5587 1451 5662 1
1482 5580 1544 5686 l),
1569 5587 1636 5663 sed
1668 5584 1786 5662 variis
