4475 6400
441 608 478 666 V1
1051 602 1304 666 PRAEFATIO

562 739 696 832 Parte
726 734 865 829 altera
883 736 1175 831 continentur
1195 763 1385 861 graecae
1407 732 1739 857 inscriptiones3
1768 732 1813 824 in
1835 747 1927 826 ter·

438 875 501 968 tia
535 874 720 988 latinae,
755 887 953 999 quatuor
984 872 1255 970 sectionibus
1287 871 1541 984 distinctae,
1568 869 1684 966 idest
1706 869 1828 965 tituli
1863 870 1926 963 la-

438 1009 577 1139 pidei,
613 1013 735 1107 tituli
766 1011 1016 1139 parietibus
1048 1013 1234 1140 depicti,
1262 1017 1588 1143 extemporales
1605 1015 1699 1110 sive
1718 1015 1799 1108 otii
1821 1045 1927 1110 con-

437 1149 645 1245 sumendi
677 1152 825 1277 gratia
856 1151 1142 1246 tenuioribus
1162 1155 1497 1251 characteribus
1528 1154 1716 1249 tectorio
1734 1155 1926 1265 exarati,

438 1292 517 1419 qui
552 1295 739 1388 maximi
779 1296 998 1390 momenti
1046 1312 1179 1409 sunt,
1215 1293 1324 1420 quia
1365 1294 1738 1421 pompeianarum
1772 1324 1930 1386 rerum

438 1431 740 1557 privatarum,
775 1435 998 1529 sermonis
1030 1432 1311 1562 populariter
1341 1432 1562 1546 adhibiti,
1599 1446 1645 1527 et
1676 1433 1930 1528 communis

439 1576 707 1703 prolationis
745 1577 974 1705 permulta
1020 1576 1310 1705 patefaciunt.
1346 1580 1517 1672 Harum
1567 1610 1674 1673 vero
1715 1608 1931 1672 numerus

439 1750 718 1847 quamquam
750 1722 1044 1835 Hamiltonio,
1079 1722 1314 1835 Martinio,
1350 1720 1643 1818 Swinburnio
1673 1736 1719 1816 et
1750 1723 1929 1814 Munte·

441 1864 511 1957 rio
542 1865 856 1977 innotesceret,
890 1880 936 1959 ct
968 1866 1229 1992 Christoph.
1267 1866 1471 1993 Theoph.
1508 1865 1566 1960 de
1597 1867 1725 1958 Murr
1745 1865 1793 1957 in
1815 1865 1931 1959 libro

437 2040 559 2102 antro
591 2009 712 2105 maa
742 2009 1065 2136 Norimbergae
1100 2011 1224 2106 edito
1273 2041 1349 2104 eas
1378 2010 1694 2134 evulgaverit,
1730 2023 1930 2103 attamen

437 2177 583 2272 usque
624 2147 681 2241 ad
721 2148 1125 2247 Wordsworthum
1162 2162 1209 2243 et
1246 2149 1606 2261 Massmannum,
1641 2148 1720 2273 qui
1764 2148 1931 2241 multas

279 2332 284 2341 ·
439 2287 617 2384 illarum
650 2290 818 2417 publici
854 2292 963 2387 iuris
994 2293 1214 2405 lecerunt,
1251 2323 1385 2387 nemo
1415 2290 1679 2416 collegerat,
1705 2322 1785 2385 nec
1817 2289 1929 2385 dum

437 2441 617 2556 tempus
648 2446 747 2524 erat
777 2461 804 2524 a
835 2430 1083 2558 parietibus
1103 2450 1400 2562 expresserat,
1425 2435 1488 2528 ita
1510 2448 1562 2527 ut
1585 2432 1831 2527 nonnullae
1849 2447 1932 2526 aut

438 2566 713 2694 intemperie
744 2598 796 2664 ac
841 2583 1066 2664 vetustate
1096 2573 1347 2689 evanidae,
1384 2588 1463 2669 aut
1502 2570 1756 2700 parietibus
1793 2570 1929 2665 simul

437 2709 676 2839 collapsae,
713 2712 836 2807 haud
866 2713 1059 2841 amplius
1089 2715 1177 2841 legi
1210 2733 1413 2846 possunt.
1447 2714 1808 2812 Proximioribus
1829 2729 1929 2807 tan-

439 2847 543 2943 dem
575 2851 857 2978 temporibus
889 2851 1134 2947 doctissimi
1167 2859 1254 2952 viri
1284 2858 1559 2969 Avellinius,
1593 2851 1931 2963 MinerviniuS,

439 3004 486 3086 et
516 2994 790 3091 Garruccius
821 3026 920 3108 eaS,
955 3028 1071 3122 quae
1102 2998 1356 3094 luculenter
1392 2995 1603 3123 Pompeis
1634 2989 1934 3088 invenieban-

441 3151 534 3252 tur,
566 3154 826 3252 servarunt,
862 3139 1087 3267 typisque,
1104 3143 1372 3254 mandantes
1403 3172 1493 3235 non
1525 3139 1737 3263 exiguam
1771 3134 1934 3229 litteris

438 3280 689 3377 utilitatem
721 3283 991 3378 attulerunt.
1035 3284 1341 3413 Amplectitur
1384 3280 1521 3375 sectio
1566 3290 1731 3403 quarta
1774 3273 1934 3368 inscri-

437 3419 616 3547 ptiones
633 3452 752 3548 quae
772 3422 988 3546 legrmtur
1018 3422 1234 3550 operibus
1264 3419 1532 3532 tessellatis,
1567 3414 1747 3539 tegulis,
1783 3412 1932 3523 vasis,

439 3564 667 3679 lucernis,
710 3567 950 3693 signaculis
995 3565 1174 3680 aereis,
1221 3564 1525 3689 omnibusque
1563 3557 1821 3655 domesticis
1864 3557 1934 3649 in-

441 3710 744 3822 strumentis,
790 3709 956 3837 quibus
1002 3711 1169 3805 multas
1214 3708 1443 3818 ineditas,
1491 3702 1746 3833 praecipuis
1780 3698 1934 3828 paleo-

441 3849 660 3975 graphiae
689 3851 831 3977 signis
862 3852 1110 3969 coniectas,
1157 3852 1300 3949 adieci
1333 3867 1379 3947 et
1409 3882 1491 3946 suo
1522 3882 1577 3945 ex
1607 3848 1704 3944 loco
1742 3842 1936 3939 fideliter

434 4017 670 4114 exscripsi,

561 4132 643 4227 Hic
675 4166 784 4230 vero
816 4167 1072 4233 memorare
1102 4139 1230 4233 iuvat
1252 4151 1350 4232 acta
1372 4135 1539 4230 diurna
1560 4128 1935 4257 pompeianorum

437 4269 725 4367 ellossionum
759 4274 955 4369 multum
988 4276 1184 4372 utilitate
1215 4273 1486 4369 antecellere
1516 4284 1564 4364 et
1581 4267 1858 4396 praestantia
1880 4265 1934 4357 li-

435 4414 542 4511 bros
572 4448 730 4512 omncs
762 4434 986 4545 quotquot
1018 4434 1203 4532 extant,
1239 4449 1347 4512 nam
1380 4417 1454 4512 illa
1485 4444 1643 4509 omncs
1663 4412 1758 4506 lere
1789 4408 1965 4504 conti:

436 4574 548 4652 nent
579 4559 736 4656 titulos
767 4563 1012 4691 insculptos
1044 4564 1114 4658 vel
1148 4564 1329 4691 pictos,
1365 4591 1481 4687 quae
1525 4589 1630 4654 eum
1662 4585 1781 4650 anno
1814 4548 1937 4642 l850

436 4697 483 4789 in
517 4698 664 4793 lucem
696 4701 901 4827 prolerre
933 4704 1250 4822 instituissem,
1276 4738 1395 4801 nunc
1427 4702 1698 4799 schedarum
1720 4724 1837 4819 quae
1858 4724 1935 4785 su-

434 4850 624 4962 persunt
654 4840 803 4967 Raph.
837 4842 1086 4957 Amiconis,
1122 4846 1203 4969 qui
1236 4846 1338 4972 plus
1369 4843 1560 4969 triginta
1590 4867 1733 4934 annos
1758 4834 1937 4926 illarum

435 4979 727 5077 ellossionnm
759 5017 918 5080 curam
950 4985 1131 5101 habuit,
1165 4987 1414 5082 editionem
1449 4982 1673 5083 inchoavi.

558 5122 676 5219 llaec
709 5123 819 5219 dum
851 5126 1121 5241 scribebam,
1144 5161 1279 5259 opere
1298 5131 1522 5242 absoluto,
1548 5125 1711 5221 allatus
1730 5135 1798 5216 est
1826 5121 1939 5215 mihi

435 5262 549 5358 liber
579 5266 785 5362 virorum
820 5270 1069 5366 illustrium
1099 5270 1337 5365 Aulrcchti
1369 5282 1416 5362 et
1447 5264 1628 5377 Kuhni,
1666 5260 1940 5384 Zeitschrist

431 5411 513 5530 fiir
542 5409 875 5532 oerploicltonde
907 5413 1330 5540 Spcnchforcclcunp
1375 5409 1465 5534 nus
1501 5410 1603 5504 dein
1653 5407 1829 5502 Gcbicte
1861 5405 1938 5499 des

432 5546 682 5644 Dcutsolten
721 5551 1030 5648 Gricchisrlten
1062 5551 1157 5648 ond
1189 5548 1516 5664 dolcioiaoheo,
1543 5551 1701 5675 inquo
1734 5546 1791 5640 dc
1825 5546 1934 5640 titu-
