4475 6400
633 630 683 690 ΑΙ)
705 630 821 691 rluull
842 630 1144 694 aucuerlronvll
1166 632 1366 695 EXPRESSA.
1630 643 1753 703 xxxiii

973 898 1052 996 lX.

947 1094 1076 1115 ἡ

471 1430 593 1447 .....
614 1376 807 1452 uastum
825 1405 833 1423 ·
851 1384 920 1461 nm
1134 1355 1219 1447 lua
1237 1358 1428 1447 lulorrirs
1456 1427 1463 1442 .
1490 1428 1497 1442 .
1524 1430 1531 1444 .
1559 1428 1566 1444 .

410 1520 925 1601 ²......l...3ll·lll
1138 1523 1183 1586 ΙΙΙΙ
1208 1562 1565 1583 ··········

476 1651 638 1725 ...tutu
655 1655 859 1731 uatum.
882 1716 919 1733 ..

415 1806 430 1857 ¹
549 1800 920 1878 arumnosas...
1137 1796 1182 1858 ¹¹¹¹
1207 1835 1215 1851 ·
1243 1835 1252 1852 ·
1278 1781 1459 1881 l¹¹¹¹¹l¹¹

649 1926 920 2003 mutilum
1144 1909 1353 1996 ellurum!

341 2160 358 2189 ⁸
386 2198 683 2297 inscriptionem
712 2203 815 2279 hanc
844 2204 1071 2301 inspicimus
1100 2204 1143 2282 in
1173 2204 1304 2300 platea
1333 2205 1465 2283 iloutis
1484 2208 1756 2298 abundantiae

269 2360 390 2436 prope
426 2340 583 2419 iorum.
618 2340 766 2420 Gellius
795 2342 1058 2444 (Pompeiano
1090 2338 1227 2445 1866,
1260 2361 1348 2440 pag.
1385 2336 1506 2449 6-4),
1545 2351 1757 2436 Guarinius

266 2478 430 2575 (Comm.
464 2498 521 2575 11,
555 2497 645 2574 pag.
684 2472 756 2579 173
790 2481 903 2560 Fasti
927 2480 1089 2565 deamo.
1115 2502 1204 2582 pag.
1229 2478 1317 2586 22),
1340 2482 1615 2569 Groteiendius
1635 2493 1751 2593 (liud.

265 2610 360 2713 dap.
404 2630 523 2690 oscae
560 2630 651 2708 pag.
692 2606 772 2715 26,
805 2615 885 2692 tab.
921 2620 992 2721 n),
1025 2620 1189 2718 Lepsius
1217 2619 1364 2719 (laser.
1406 2623 1533 2701 amor.
1568 2631 1611 2708 et
1637 2652 1757 2716 oscae

264 2761 353 2840 pag.
391 2736 464 2845 64,
498 2746 578 2822 tab.
614 2766 710 2848 xxrr,
733 2767 775 2823 n.
803 2741 852 2845 6)
884 2751 924 2824 et
952 2751 1234 2832 llommsenius
1264 2749 1373 2849 (dut.
1409 2755 1512 2835 Βία).
1538 2777 1626 2856 pag.
1654 2759 1755 2871 186,

265 2883 343 2961 tab.
380 2903 447 2985 rr,
488 2906 531 2961 n.
572 2879 629 2960 26
662 2886 710 2982 e)
742 2905 831 2963 eam
869 2887 1141 2988 descripsere,
1174 2889 1215 2965 et
1250 2907 1320 2964 sex
1355 2886 1538 2967 versibus
1572 2898 1756 2976 consiste

264 3022 414 3120 opinati
444 3026 561 3125 sunt,
594 3042 835 3120 quamquam
866 3023 1078 3121 vestigium
1116 3041 1256 3099 versus
1293 3020 1400 3098 tertii
1437 3021 1554 3101 valde
1591 3026 1758 3109 dubium

265 3159 387 3252 alque
418 3154 617 3237 incertum
648 3156 863 3238 dixissent:
889 3159 960 3237 sed
991 3175 1085 3238 cum
1113 3153 1250 3254 pilam,
1274 3152 1317 3231 in
1334 3173 1426 3252 qua
1454 3154 1660 3253 inscriptio
1688 3162 1758 3240 de-

265 3294 370 3392 picta
399 3298 481 3397 est,
515 3293 622 3374 ierro
651 3318 675 3375 e
704 3298 816 3377 calce
847 3314 1100 3396 purgassem,
1133 3294 1229 3370 tunc
1258 3292 1423 3371 tertium
1450 3314 1611 3374 versum
1641 3321 1756 3380 num·

265 3454 384 3532 quam
414 3434 605 3533 extitisse,
639 3437 679 3512 et
707 3436 887 3534 quinque
916 3436 1046 3514 solum
1078 3452 1216 3510 cemus
1246 3430 1406 3509 titulum
1435 3431 1622 3514 oronim
1646 3458 1754 3517 com-

264 3593 366 3670 perr.

383 3707 505 3785 Notae
534 3708 779 3814 numerales,
812 3732 916 3809 quae
947 3713 989 3789 in
1020 3706 1195 3786 secundo
1223 3702 1461 3799 conspicuae
1481 3704 1521 3782 et
1540 3705 1583 3785 in
1612 3713 1757 3806 quarto

266 3859 381 3918 versu
413 3839 547 3919 minus
576 3842 756 3936 integrao
784 3863 833 3920 ac
862 3843 1094 3925 dimidiatae
1116 3846 1245 3942 sunt,
1277 3842 1372 3939 qiua
1409 3843 1476 3921 hic
1512 3845 1595 3941 pila
1631 3843 1758 3927 fracta

267 3982 328 4057 est
356 3984 397 4057 et
425 3999 548 4077 opere
577 3980 751 4059 lateritio
779 3979 959 4085 impleta,
993 3981 1160 4061 nomina
1189 3979 1391 4083 virorum,
1413 3983 1483 4078 qui
1501 3985 1553 4061 ad
1571 3988 1757 4082 quntum-

267 4112 435 4192 viralum
466 4114 632 4193 fortasse
661 4113 987 4220 designabantur,
1021 4122 1064 4199 in
1094 4141 1154 4198 vs.
1190 4119 1318 4215 primo
1353 4120 1393 4196 et
1422 4122 1539 4199 tertio
1573 4124 1757 4203 adamus·

268 4255 343 4332 sim
373 4254 643 4357 constituunt,
675 4257 797 4351 atque
826 4256 869 4331 in
900 4255 1055 4333 verbis.
1076 4313 1114 4331 ..
1150 4247 1257 4333 sois
1285 4251 1501 4350 aprinis
1534 4253 1758 4336 altinum

270 4393 435 4473 alterius
463 4393 709 4492 quatuorviri
740 4391 1029 4489 appellationes
1059 4389 1272 4490 praefinire
1301 4389 1501 4470 videntur.
1527 4392 1649 4489 Igitur
1670 4417 1759 4476 ver·

272 4532 366 4610 bum
395 4527 633 4632 altinum,
654 4532 762 4628 quod
792 4534 852 4612 ast
882 4532 1046 4628 genitivi
1075 4549 1193 4609 casus
1223 4551 1273 4609 ex
1304 4548 1471 4609 numero
1491 4531 1757 4613 multitudinis

273 4676 313 4752 et
341 4669 592 4751 modificatur
611 4669 843 4770 aprinis,
866 4670 901 4748 si
920 4671 1201 4752 uenenorum
1220 4664 1424 4746 reddimus
1442 4669 1553 4748 iuxta
1573 4670 1673 4750 illud
1689 4675 1759 4752 lto

272 4811 335 4912 sti,
354 4812 460 4892 oltra
477 4810 530 4890 ob
549 4807 693 4890 oterrdo
711 4808 839 4890 doctus
859 4811 941 4908 (lib.
962 4830 990 4913 1,
1014 4822 1105 4900 pag.
1132 4797 1158 4878 ‘1
1179 4799 1345 4903 lliiller),
1370 4821 1507 4880 vocem
1527 4804 1752 4906 aptante,

271 4969 375 5046 quae
404 4947 455 5024 ab
485 4946 564 5024 alia
593 4941 733 5040 adsero
763 4945 882 5022 simili
914 4943 1061 5024 deduci
1095 4944 1252 5042 potest,
1279 4944 1520 5039 procurator
1557 4942 1760 5039 explican-

273 5083 380 5182 dm,
414 5083 455 5159 et
485 5100 576 5157 oum
605 5078 776 5156 iormula
804 5078 1020 5158 latinorum
1050 5077 1400 5176 programmatum,
1432 5094 1537 5171 quae
1567 5075 1664 5156 latet
1698 5078 1760 5154 lit·

274 5215 368 5297 teris
397 5215 443 5290 V·
468 5217 514 5294 Δ·
538 5215 579 5292 8·
603 5214 647 5290 Ρ·
671 5214 739 5311 Ρ·,
772 5215 824 5292 do
852 5214 997 5311 quibus
1025 5215 1269 5313 amplissime
1304 5213 1510 5293 contendit
1544 5215 1760 5297 Arellinius

276 5351 434 5450 (opusc.
470 5352 564 5427 lom.
600 5369 650 5447 rr,
684 5368 774 5446 pag.
807 5343 1040 5457 227-262),
1072 5354 1378 5452 comparandam
1408 5353 1652 5455 existimavi,
1686 5359 1760 5434 etsi

216 5585 220 5598 Ι
276 5489 452 5567 incertae
481 5486 560 5566 sint
588 5486 895 5586 significationes
924 5493 1156 5599 verborum,
1189 5493 1335 5594 quibus
1365 5515 1484 5592 super
1513 5497 1760 5577 coniecturas

277 5632 462 5705 extruere
492 5647 716 5722 possumus.

1623 5791 1639 5840 5
