4475 6400
475 568 541 630 Vlll
1081 562 1350 628 PRAEFATIO

475 694 738 793 serevlrid
778 692 994 788 imaden
1027 693 1300 808 affirmatur,
1322 725 1439 820 quae
1459 710 1610 792 autem
1633 694 1820 793 ablativi
1841 730 1967 795 casus
2009 774 2018 799 .

473 854 710 968 putantur,
750 852 930 967 praeter
966 839 1189 965 syllabam
1228 871 1311 954 en,
1353 870 1471 965 quae
1509 840 1557 933 in
1595 871 1705 936 voce
1744 840 1965 937 imaden

468 982 816 1111 praepositionis
847 981 1077 1079 encliticae
1107 985 1257 1080 locum
1287 981 1438 1078 babet.
1474 983 1606 1111 Lapis
1637 984 1781 1109 igitur
1812 986 1876 1080 ita
1899 985 1965 1080 la·
2016 980 2019 987 ’

472 1123 569 1218 tine
599 1119 851 1248 explicatur
870 1152 881 1212 ι
898 1190 909 1212 .
928 1190 970 1214 ..
1006 1120 1182 1217 Sollius
1210 1114 1287 1214 Μ.
1312 1118 1349 1244 s.
1383 1119 1445 1214 N.
1480 1120 1670 1217 Pontius
1691 1193 1702 1216 .
1720 1194 1731 1217 .
1750 1193 1793 1217 ..
1822 1123 1860 1247 f.
1895 1155 1969 1219 oe·

471 1258 602 1370 otus,
640 1259 756 1354 banc
785 1261 908 1354 aiom
947 1262 1304 1356 terminaverunt
1341 1272 1446 1354 oute
1468 1273 1655 1387 portora
1689 1262 1964 1357 stablonem.

481 1404 567 1500 Vio
599 1405 847 1536 mutuata
883 1416 947 1499 est
978 1405 1292 1529 perticis
1329 1402 1458 1497 Iussu
1488 1406 1610 1500 oium
1642 1410 1968 1531 pompeianam

476 1549 835 1642 terminaverunt
858 1549 1048 1673 perticis
1081 1546 1137 1675 (l)
1171 1581 1228 1642 m·
1246 1559 1353 1642 onte
1383 1548 1546 1643 cellam
1580 1548 1637 1676 (t)
1668 1550 1786 1646 Iovis
1815 1550 1967 1646 Meili-

472 1689 577 1785 clu’i.
611 1690 707 1783 Hos
736 1690 833 1783 aias
862 1701 908 1784 et
938 1691 1061 1785 aiom
1090 1692 1257 1786 lovium
1287 1701 1330 1785 et
1360 1687 1577 1786 <leucum
1601 1689 1823 1786 nteddicis
1835 1722 1966 1817 poru-

347 1891 354 1904 ·
399 1836 403 1849 '
465 1831 626 1954 peioni
655 1830 705 1922 in
724 1898 735 1920 .
755 1896 766 1919 .
784 1897 822 1920 ..
857 1825 1075 1951 fremunt,
1108 1830 1235 1927 iussu
1265 1832 1431 1931 aediles
1454 1833 1778 1960 probaverunt.

593 1967 763 2066 Eodem
802 1985 1008 2098 tempore
1043 1971 1212 2099 publici
1253 1977 1367 2073 iuris
1405 1977 1575 2072 sactum
1613 1989 1682 2070 est
1724 1975 1773 2069 in
1816 2007 1863 2070 n.
1910 1974 1967 2069 55
2130 2100 2134 2107 Δ

423 2116 431 2131 ’
472 2113 659 2210 Bullett.
693 2114 820 2211 oreb.
834 2146 926 2240 uop
966 2146 1044 2211 nv.
1067 2149 1129 2212 sr.
1151 2117 1529 2215 commentarium
1549 2116 1606 2212 cl.
1630 2114 1891 2211 Minervioii
1911 2112 1969 2209 de

471 2250 707 2378 horologio
737 2251 921 2366 solario,
956 2255 1085 2352 cuius
1116 2257 1304 2354 titulum
1340 2255 1509 2384 protuli
1543 2255 1591 2349 in
1623 2254 1715 2350 tab.
1750 2287 1798 2368 v,
1835 2285 1881 2349 n.
1919 2253 1964 2347 3.

472 2395 594 2509 Quas
608 2409 766 2492 auctor
782 2395 841 2491 de
860 2397 1050 2522 singulis
1067 2398 1218 2496 verbis
1236 2396 1551 2492 adnotationes
1574 2426 1664 2490 non
1682 2393 1834 2489 minus
1850 2390 1975 2488 docte

471 2563 608 2658 quam
640 2533 872 2660 ingeniose
903 2537 1183 2665 conscripsit,
1218 2538 1372 2634 censer
1389 2538 1435 2631 in
1456 2551 1569 2632 tom.
1592 2568 1656 2647 nr,
1679 2565 1784 2662 pag.
1805 2530 1968 2644 5659,

471 2670 590 2768 etde
607 2673 829 2801 horologii
849 2675 1128 2790 inventione,
1144 2677 1267 2804 quod
1290 2710 1431 2776 aeneo
1448 2709 1675 2805 gnomone
1697 2678 1969 2773 instructum

470 2815 621 2945 verbis
637 2817 838 2913 unanimi
860 2817 1055 2914 auctoris
1076 2815 1343 2947 Compendii
1355 2818 1696 2915 Architecturae
1713 2816 1969 2912 illustratur

473 2958 548 3077 (cl.
583 2990 768 3073 nauus„
797 2974 910 3055 tom.
936 2991 998 3074 ιιι,
1021 2989 1126 3087 pag.
1150 2993 1278 3057 xxxin
1292 2963 1495 3091 Marini),
1512 2962 1612 3088 lege
1628 2963 1674 3056 in
1695 2993 1801 3089 pag.
1826 2958 1968 3055 etr-eo

470 3103 672 3200 eiusdem
704 3101 826 3217 libri,
860 3132 998 3229 quem
1029 3133 1263 3229 nunquam
1295 3104 1404 3202 satis
1435 3117 1593 3232 potero
1624 3099 1826 3196 laudare.

593 3249 658 3342 Ex
670 3245 953 3375 pompeianis
971 3246 1345 3375 inscriptionibus
1376 3244 1498 3343 illud·
1520 3274 1712 3350 aeneum
1739 3242 1967 3369 fragmen·

469 3407 569 3488 tum
601 3389 754 3504 reieci,
787 3387 911 3516 quod
941 3391 1169 3487 Avellinio
1204 3390 1345 3517 (nott.
1369 3390 1498 3487 orcle.
1519 3419 1630 3514 nep.
1655 3385 1767 3483 tom.
1789 3419 1848 3500 ιι,
1869 3386 1966 3481 tab.

470 3561 502 3644 1,
537 3561 585 3624 n.
621 3529 667 3642 73
701 3543 814 3624 tom.
849 3561 908 3642 vr,
942 3558 1046 3656 pag.
1068 3528 1147 3656 90)
1163 3541 1210 3624 et
1231 3527 1529 3623 Mommsenio
1549 3526 1730 3653 (eaor.
1765 3524 1972 3621 Diolclcte

469 3704 573 3801 pag.
607 3672 716 3786 l8t,
749 3672 841 3767 tab.
876 3704 921 3787 x,
943 3703 991 3766 n.
1026 3670 1105 3798 27)
1142 3670 1337 3784 editum,
1373 3667 1493 3765 inter
1523 3668 1680 3765 titulos
1710 3667 1970 3764 samniticos

470 3815 777 3948 reputandum
808 3815 980 3911 censui.
1014 3817 1080 3910 Ex
1096 3797 1168 3911 bis
1184 3811 1426 3944 praecipue
1452 3811 1824 3940 inscriptionibus
1842 3810 1967 3907 colli·

469 3989 564 4083 ges,
585 3970 859 4051 conventum
876 3955 1259 4082 Pompeianorum
1277 3983 1444 4048 nomen
1476 3947 1751 4080 reipublicae
1792 3949 1965 4064 tulisse,

469 4098 718 4197 vereiiai
750 4096 1169 4226 pumpaiianai,
1203 4110 1251 4193 et
1281 4095 1511 4192 meddices
1543 4094 1709 4190 tuticus
1735 4092 1964 4206 babuisse,

470 4245 568 4372 qui,
603 4257 655 4339 ut
687 4243 733 4337 in
755 4241 855 4337 aliis
868 4238 981 4336 oscis
999 4239 1276 4356 civitatibus,
1300 4242 1405 4337 belli
1420 4238 1681 4336 alternatim
1700 4238 1963 4366 imperium,

472 4395 519 4479 et
549 4382 673 4476 domi
704 4412 930 4477 summam
961 4411 1116 4476 rerum
1148 4382 1379 4500 tenebant,
1414 4385 1494 4512 qui
1527 4397 1680 4479 tamen
1708 4380 1970 4478 ameddis

473 4527 758 4655 degetasis
789 4524 1067 4651 uragetud
1100 4525 1324 4642 multas,
1359 4560 1495 4655 quem
1529 4526 1675 4656 lapide
1708 4527 1870 4621 nolano
1902 4522 1966 4618 le·

472 4673 623 4799 gimns
638 4669 858 4796 (uenusto,
876 4667 1255 4771 (sermentato
1271 4705 1377 4803 pag.
1400 4673 1508 4787 178,
1540 4671 1635 4768 tab.
1661 4703 1763 4780 νιιι,
1793 4699 1837 4761 n.
1861 4667 1960 4793 16),

472 4818 639 4915 diversi
663 4828 801 4940 sunt.
836 4815 1106 4929 Quaestores
1145 4832 1317 4926 antem,
1362 4810 1528 4938 quibus
1566 4808 1793 4939 publicam
1832 4836 1967 4933 pecu·

473 4965 597 5058 niam
629 4957 927 5087 conquirendi
969 4959 1217 5087 populique
1257 4959 1380 5052 iussu
1410 4952 1656 5083 accipiendi
1697 4948 1768 5046 vel
1800 4979 1966 5076 expen-

472 5100 611 5198 dendi
642 5114 739 5197 erat
769 5097 973 5211 incultas,
1008 5097 1354 5226 incriptionibus
1385 5097 1455 5191 bis
1486 5095 1625 5190 etiam
1653 5088 1966 5199 nominantur,

472 5255 519 5337 et
550 5271 606 5335 ex
636 5237 791 5367 populi
823 5236 970 5332 tribus
1007 5237 1144 5334 nnius
1185 5236 1365 5333 decreto
1400 5235 1454 5360 (si
1487 5232 1596 5327 talia
1635 5242 1743 5327 sunt
1782 5228 1970 5322 nomina

473 5379 660 5477 vocibus
680 5377 1078 5474 kirmbennieis
1108 5392 1155 5475 et
1179 5375 1700 5509 (tri)mparakineis
1719 5371 1967 5468 adumbra-

473 5520 537 5646 ta)
568 5516 771 5616 aedilicia
801 5514 1003 5613 iacienda
1033 5531 1112 5612 aut
1133 5515 1404 5644 perficienda
1430 5545 1591 5612 curere
1607 5512 1841 5610 videntur.
1858 5512 1967 5604 Pro·
