4475 6400
575 771 598 819 «
632 733 797 847 Questo
829 738 1010 832 metodo
1041 738 1086 832 di
1118 737 1474 866 pubblicazione,
1506 739 1698 835 sebbene
1731 740 1873 836 reuda
1907 740 1938 833 il

449 875 563 970 libro
594 877 707 971 assai
740 894 914 973 costoso
944 912 970 975 0
1001 880 1048 974 di
1082 912 1171 975 non
1203 882 1334 979 iarile
1355 883 1625 1009 acquisto,e
1655 886 1764 1011 pero
1795 882 1937 976 utilis·

449 1015 564 1109 simo
593 1016 791 1119 1001010
821 1018 1212 1145 principalmente,
1247 1021 1331 1116 che
1362 1052 1469 1115 aver
1500 1053 1590 1116 non
1610 1053 1799 1149 possono
1817 1036 1935 1116 sotto

447 1153 511 1280 gli
548 1153 675 1249 orchi
714 1155 1114 1252 continuamentei
1135 1159 1418 1252 monumenti
1451 1154 1740 1286 originali.E
1771 1161 1846 1253 noi
1866 1190 1935 1254 sa·

447 1327 622 1391 remmo
657 1296 704 1392 di
737 1330 917 1426 parere,
938 1301 1021 1395 0110
1053 1298 1094 1393 10
1125 1296 1244 1396 belle
1275 1301 1500 1428 litogralie
1520 1301 1762 1430 dell'opera
1781 1300 1826 1396 di
1860 1302 1931 1397 oui

447 1440 599 1535 diamo
619 1442 892 1554 l'annunzio,
917 1438 1200 1536 dovrebbero
1222 1440 1484 1564 acquistarsi
1512 1439 1570 1534 da
1601 1441 1708 1535 tutti
1742 1442 1756 1533 i
1789 1441 1934 1535 musei

446 1581 518 1678 del
552 1584 737 1698 mondo;
773 1586 842 1680 ne’
858 1584 980 1710 quali
1012 1585 1049 1679 si
1086 1575 1363 1680 vedrebbero
1396 1607 1478 1703 per
1497 1577 1560 1672 tal
1582 1578 1731 1674 modo
1761 1594 1936 1706 esposte

314 1710 327 1729 κ
447 1729 490 1825 10
520 1728 708 1856 epigrali
741 1729 1026 1855 pompeiane,
1053 1758 1134 1855 per
1164 1751 1284 1820 esser
1314 1734 1579 1816 sottomesse
1615 1721 1689 1815 all'
1700 1752 1849 1816 esame
1879 1719 1936 1816 ed

338 1986 341 1991 Ι
446 1866 535 1961 allo
565 1866 716 1961 studio
737 1865 808 1962 de'
819 1865 954 1979 dotti,
969 1866 1051 1961 che
1071 1864 1249 1958 ricavar
1269 1886 1327 1950 ue
1347 1857 1619 1984 potrebbero
1639 1874 1760 1954 tutto
1782 1859 1813 1952 il
1830 1889 1939 1954 van·

448 2005 620 2131 taggio,
646 2036 672 2099 e
700 2036 783 2132 per
812 2005 855 2100 le
886 2006 1083 2101 ricemhe
1103 1999 1459 2130 paleografiohe‘,
1502 2032 1528 2096 e
1557 2028 1640 2129 per
1672 2001 1825 2128 quelle
1856 2000 1939 2096 0110

445 2174 725 2238 0000010000
755 2142 798 2238 10
830 2144 1006 2240 novelle
1025 2136 1298 2270 spiegazioni
1331 2136 1402 2233 de'
1425 2140 1709 2237 monumenti
1741 2140 1936 2266 suggetti

446 2312 473 2376 a
504 2281 631 2377 varie
662 2281 1056 2410 interpretazioni,
1090 2279 1147 2375 ed
1179 2313 1205 2375 a
1238 2281 1399 2377 lezioni
1432 2281 1625 2379 diverse.
1650 2286 1737 2379 Per
1767 2295 1938 2408 quanto

261 2540 273 2567 ι
445 2439 594 2553 spetta
625 2425 702 2553 poi
736 2426 777 2519 ai
809 2425 1090 2553 programmi
1123 2421 1179 2519 ed
1210 2425 1450 2552 a'graffiti,
1475 2428 1501 2521 1
1523 2443 1689 2556 troppo
1721 2442 1935 2522 noto-oo-

447 2602 521 2666 me
551 2571 676 2665 sieno
707 2569 791 2664 essi
824 2567 1016 2694 soggetti
1048 2597 1075 2661 a
1105 2565 1330 2695 deperire,
1356 2570 1587 2666 etalvolta
1608 2570 1751 2667 anche
1770 2601 1797 2664 a
1817 2567 1939 2663 subi-

445 2746 497 2811 re
527 2715 571 2809 la
602 2712 745 2810 totale
758 2711 1061 2824 ,distruzione,
1085 2741 1112 2804 a
1133 2741 1265 2808 rausa
1287 2711 1359 2808 del
1382 2710 1544 2838 fragile
1563 2712 1759 2807 intonioo
1789 2743 1842 2806 su
1864 2710 1937 2805 cui

446 2857 611 2952 lurono
642 2854 832 2982 segnati.
864 2856 951 2949 Per
969 2851 1014 2945 lo
1035 2850 1118 2947 che
1140 2884 1233 2949 una
1255 2853 1449 2950 identira
1470 2853 1792 2981 riproduzione
1811 2855 1837 2949 1
1858 2854 1938 2950 de·

446 3001 613 3094 stinata
641 3030 668 3094 a
697 2999 869 3095 servire
900 3028 963 3092 uu
995 3009 1151 3123 tempo
1183 2998 1230 3092 in
1261 2999 1396 3125 luogo
1426 2995 1544 3123 degli
1566 2997 1796 3123 originali,
1831 3027 1938 3091 con-

446 3131 728 3240 seruandone
748 3142 791 3237 la
813 3142 1064 3239 lresohezza
1084 3171 1111 3236 e
1134 3142 1279 3239 talora
1296 3143 1341 3268 la
1362 3143 1596 3239 asistenza.
1615 3139 1697 3235 Noi
1722 3138 1937 3235 asservia-

445 3318 539 3401 mo,
563 3287 646 3383 che
667 3318 758 3383 una
779 3287 1118 3416 pubblicazione
1138 3287 1186 3382 di
1211 3287 1275 3380 tal
1297 3287 1411 3381 latta
1432 3283 1547 3380 vede
1570 3314 1651 3377 ora
1672 3315 1754 3412 per
1779 3283 1824 3376 la
1844 3282 1937 3409 pri·

447 3456 523 3521 ma
553 3426 676 3522 volta
698 3427 742 3521 la
765 3426 880 3521 11100.
908 3425 1101 3520 Sovente
1132 3424 1169 3518 si
1202 3438 1525 3551 presentarono
1558 3421 1599 3516 le
1630 3421 1810 3517 antiche
1840 3419 1938 3547 epi-

447 3562 560 3686 grali
591 3594 620 3658 a
650 3561 1252 3689 [001111111011111110101111
1275 3564 1560 3661 monumenti
1580 3595 1719 3660 erano
1740 3563 1786 3659 di
1808 3595 1941 3691 gran·

354 3763 357 3772 ι
449 3704 630 3802 dissime
661 3705 964 3818 dimensioni,
1000 3702 1228 3803 ollrironsi
1260 3710 1348 3836 agli
1381 3708 1566 3837 sguardi
1599 3708 1720 3835 degli
1751 3704 1940 3802 studiosi

447 3846 606 3943 ridotti
638 3848 694 3943 ed
715 3839 1012 3976 impiccioliti.
1036 3848 1136 3941 Non
1160 3853 1251 3948 cosi
1270 3854 1388 3950 nella
1410 3866 1619 3982 presente
1636 3847 1942 3979 pubblioazio·

448 4021 527 4105 ne,
549 3992 579 4085 il
610 3991 759 4087 011011
781 3990 921 4086 rende
942 4021 1033 4084 non
1054 3989 1148 4084 solo
1170 3996 1423 4094 oltremodo
1445 3993 1683 4125 splendida
1713 4023 1739 4087 0
1770 3989 1945 4115 magni·

446 4133 549 4246 lica,
583 4164 659 4228 ma
690 4134 929 4229 utilissima
962 4163 1144 4246 ancora,
1174 4140 1370 4236 secondo
1401 4141 1484 4236 0110
1515 4139 1564 4233 111
1597 4136 1657 4231 da
1689 4135 1762 4230 noi
1796 4133 1843 4229 di
1877 4165 1945 4229 so

444 4306 527 4401 pra
558 4292 802 4372 accennato
827 4316 871 4370 1.

568 4419 712 4515 Huius
728 4420 870 4546 igitur
887 4420 992 4514 libri
1013 4422 1179 4518 iterum
1196 4426 1364 4523 edendi
1388 4457 1522 4521 rausa
1539 4424 1644 4538 luit,
1657 4454 1715 4519 ne
1729 4421 1848 4517 mole
1869 4452 1943 4515 10

445 4558 529 4655 luti
549 4558 778 4659 laboraret
791 4596 887 4677 sua,
900 4579 1044 4692 utque
1064 4573 1317 4668 ementium
1337 4567 1644 4699 parsimoniae
1664 4576 1936 4692 suppeteret.

443 4701 574 4815 Quod
593 4705 630 4799 si
663 4704 1014 4804 clarissimorum
1030 4709 1238 4807 virorum
1265 4707 1595 4835 indulgentiam
1612 4732 1813 4829 unquam
1835 4729 1941 4816 oon·

442 4854 623 4937 secutus
643 4875 763 4960 sum,
778 4878 869 4942 non
886 4846 987 4944 ideo
1001 4846 1189 4975 dignam
1200 4851 1453 4949 existimem
1471 4850 1645 4977 elogiis,
1658 4843 1823 4972 quibus
1838 4873 1940 4938 eru·

446 4977 530 5074 diti
552 4982 667 5081 hano
688 5020 872 5115 operam
889 5023 1109 5089 exornare
1127 4990 1572 5105 studueruut3immo
1589 5015 1715 5097 vero,
1728 4997 1780 5076 ut
1793 5011 1877 5105 ego
1892 4979 1939 5072 in

447 5123 742 5226 humanitatis
755 5165 914 5231 eorum
930 5148 1251 5263 argumentum
1270 5127 1432 5223 devoto
1445 5142 1493 5222 et
1513 5118 1776 5249 obsequenti
1788 5116 1940 5210 animo

445 5271 772 5395 gratulationes
793 5280 971 5408 accepi,
1006 5279 1069 5373 ita
1092 5303 1375 5399 momenque
1404 5271 1557 5364 omnia
1583 5296 1722 5395 quam
1743 5262 1941 5357 maxime

446 5414 528 5508 tibi
550 5420 1093 5536 commendans,oandide
1114 5422 1271 5531 lector,
1282 5417 1406 5513 vivas
1428 5411 1506 5509 diu
1529 5441 1688 5541 precor
1708 5422 1753 5504 et
1773 5405 1935 5502 valeas.
