4475 6400
479 615 559 675 ΧΧΧ
848 613 1084 676 MONVMENTA
1105 614 1350 677 urtumrurct
1371 615 1582 679 uoueultus

476 776 519 844 n'.
552 758 602 866 d)
633 768 671 843 et
701 765 979 846 Mommsenius
1009 764 1064 862 (o.
1100 786 1137 843 c.
1171 787 1261 863 pag.
1299 761 1399 868 185,
1418 770 1497 848 tab.
1532 789 1649 872 xr,n.
1686 761 1829 870 2912),
1863 789 1952 864 ego·

474 906 558 986 met
585 924 746 1002 quoque
776 902 978 983 delineari
1007 922 1114 982 anno
1146 896 1274 983 1847.

590 1037 758 1117 Omnino
786 1037 995 1135 singularis
1024 1040 1084 1115 est
1112 1056 1161 1114 ac
1188 1036 1348 1147 propria
1380 1043 1521 1119 harum
1556 1040 1855 1138 inscriptionum
1893 1063 1955 1119 ra·

474 1175 551 1278 tio,
583 1177 691 1271 quod
721 1197 793 1256 eae
822 1197 926 1275 quae
956 1177 1258 1272 magistratuum
1291 1179 1402 1258 iussu
1438 1178 1566 1275 pictae
1602 1180 1705 1280 sint,
1739 1199 1955 1276 numquam

474 1314 679 1392 continent
708 1316 897 1396 domicilii
934 1315 1104 1395 alicuius
1141 1317 1401 1416 mentionem,
1433 1337 1551 1413 quam
1590 1318 1740 1395 tantum
1768 1319 1944 1414 reperire

474 1454 607 1532 datum
638 1458 699 1533 est
727 1454 821 1550 ipsis
850 1453 895 1532 in
923 1453 1062 1553 titulis,
1085 1456 1155 1563 qui
1175 1450 1389 1550 parietibus
1407 1453 1571 1548 graphio
1596 1453 1668 1531 otii
1696 1455 1954 1532 consumendi

474 1587 597 1686 gratia
627 1591 798 1689 exarati,
830 1588 1013 1684 Pompeis
1048 1587 1218 1684 publicis
1254 1586 1494 1683 privatisque
1531 1587 1627 1666 locis
1665 1587 1948 1689 inveniuntur,

473 1729 645 1806 attamen
676 1728 953 1807 Mommseuius
990 1747 1080 1806 oum
1118 1744 1257 1807 rocem
1294 1723 1494 1821 suamet
1526 1724 1651 1820 magis
1686 1745 1712 1800 a
1748 1717 1945 1826 dlutmcu,

471 1859 579 1956 quod
608 1863 851 1941 samscritica
880 1861 1016 1957 lingua
1044 1860 1286 1941 domicilium
1315 1862 1429 1938 sonat
1446 1880 1564 1956 quam
1585 1858 1720 1937 dorico
1739 1870 1884 1945 ΦΑΜΩ
1903 1857 1950 1933 il-

474 1999 595 2075 latam
626 1999 899 2097 existimasset,
928 1999 1050 2077 verba
1072 1997 1173 2098 pus
1193 1998 1395 2096 foomut
1423 1996 1655 2093 explicanda
1684 1997 1754 2075 ubi
1780 1998 1948 2097 dubitat,

476 2133 515 2208 et
549 2127 833 2211 versoriuu
863 2133 925 2210 vel
962 2128 1284 2213 uerusuriuu
1320 2136 1451 2214 locum
1487 2135 1664 2214 eiusdem
1694 2133 1956 2243 ,babitrdionis

473 2270 775 2367 intelligendum
804 2271 981 2350 censuit:
1006 2273 1112 2367 quod
1142 2289 1237 2349 vero
1266 2290 1357 2347 cum
1387 2290 1547 2366 prorsus
1575 2269 1674 2346 mibi
1702 2289 1785 2347 non
1814 2271 1951 2347 suade·

471 2408 548 2507 ret,
581 2408 741 2486 modum
770 2405 1003 2484 recentioris
1031 2402 1364 2502 interpretationis
1395 2403 1698 2500 excogitandum
1727 2402 1875 2498 putari.

588 2542 792 2638 Inscriptio
821 2560 926 2636 quae
957 2539 1126 2637 repetita
1160 2539 1304 2634 legitur
1340 2542 1383 2620 in
1413 2543 1626 2639 parietibus
1645 2540 1949 2642 aedificiorum,

471 2679 615 2778 quibus
644 2682 733 2760 viae
762 2679 919 2759 cubitus
948 2683 1059 2757 actus
1087 2683 1169 2783 est,
1202 2681 1370 2761 duorum
1400 2668 1577 2762 locorum
1607 2681 1855 2778 publicorum
1884 2704 1954 2762 no·

471 2818 580 2898 mina
609 2819 761 2898 referre
779 2817 963 2920 ridetur,
997 2837 1099 2913 quae
1129 2820 1222 2897 sunt
1250 2816 1371 2895 tuma
1397 2813 1630 2894 duodecumo
1659 2821 1700 2894 et
1727 2812 1949 2915 ucrscrr‘uu,

471 2952 543 3029 sed
573 2950 617 3029 in
648 2974 697 3031 eo
726 2953 869 3032 itinere
898 2951 1006 3048 quod
1037 2973 1087 3029 ex
1116 2950 1251 3030 cubito
1271 2949 1358 3027 viae
1378 2954 1529 3046 portam
1552 2952 1836 3032 Herculaneum
1867 2975 1955 3050 per·

473 3083 602 3184 tingit,
636 3086 791 3165 nullum
820 3085 1047 3164 aedificium
1075 3086 1239 3183 apparet
1257 3084 1416 3180 publica
1435 3086 1710 3166 commoditate
1731 3090 1952 3166 extructum

470 3218 510 3294 et
539 3216 581 3295 in
610 3220 829 3298 deversorii
857 3240 974 3299 usum
1003 3221 1323 3327 accomodatum,
1356 3226 1477 3305 immo
1506 3246 1601 3304 vero
1631 3226 1742 3303 nulla
1771 3227 1873 3305 ratio
1892 3233 1954 3305 est

472 3358 644 3437 utillud
673 3360 724 3438 de
754 3359 908 3438 duobus
936 3357 1130 3437 aedificiis
1158 3361 1337 3443 eiusdem
1367 3366 1455 3443 riae
1484 3384 1604 3442 cursu
1636 3363 1775 3441 locatis
1804 3364 1948 3442 intelli·

470 3498 606 3593 gutur:
640 3519 764 3597 quare
793 3500 959 3578 verbum
989 3491 1282 3596 umuiuuud,
1305 3497 1412 3593 quod
1434 3497 1612 3593 utrisque
1631 3496 1949 3594 inscriptionibus

448 3637 688 3740 adhibitum
718 3641 852 3723 estut
881 3637 985 3716 riam
1013 3636 1388 3716 circumversautem
1419 3636 1624 3714 denotaret
1652 3626 1717 3739 ἢ),
1741 3657 1950 3716 erroneum

471 3771 573 3849 iuret
603 3773 644 3849 in
674 3771 788 3851 titulo
816 3772 887 3869 qni
915 3772 1024 3851 domi
1052 3771 1260 3850 Actaeonis
1290 3768 1456 3869 legitur,
1490 3769 1525 3847 si
1554 3771 1633 3849 duo
1661 3771 1844 3849 aedificia
1873 3794 1953 3853 uno

471 3911 658 4007 rectoque
688 3909 829 3989 itinere
857 3910 970 4007 porta
999 3912 1242 3989 Herculanea
1270 3906 1503 4002 adpulsante
1533 3911 1707 3988 extantia
1726 3910 1948 3990 indicasset.

474 4048 751 4150 Quamobrem,
774 4049 868 4146 quia
887 4049 1017 4127 turres
1046 4070 1128 4128 non
1156 4048 1278 4127 alium
1299 4048 1432 4156 locum
1453 4069 1648 4146 occupare
1677 4050 1857 4145 poterant
1877 4051 1953 4129 nisi

473 4181 648 4285 moenia,
664 4183 733 4260 ubi
747 4185 797 4262 ad
811 4181 1082 4294 defensionem
1096 4203 1301 4266 murorum
1319 4188 1546 4282 aggerrtbus
1565 4188 1799 4266 coniunctae
1818 4191 1946 4290 erant,

472 4318 697 4399 aediticium
725 4315 1007 4400 ceruariae
1037 4321 1098 4398 rel
1128 4316 1446 4400 ueruscriuu
1475 4320 1713 4417 appellatum
1734 4324 1946 4420 exquiren-

473 4461 567 4538 dum
598 4464 657 4540 est
685 4462 827 4541 itinere
856 4461 1071 4564 contrario,
1093 4460 1245 4539 scilicet
1272 4463 1323 4540 ab
1353 4463 1437 4562 ipso
1466 4461 1599 4540 cubito
1619 4463 1706 4542 riae
1726 4466 1778 4543 ad
1797 4468 1951 4561 portam

472 4597 677 4677 Nolanam.
712 4598 769 4676 lbi
798 4619 891 4678 vero
919 4599 1027 4676 baud
1055 4598 1173 4693 longe
1202 4598 1253 4675 ab
1283 4600 1381 4676 aede
1411 4599 1605 4677 Fortunae
1642 4599 1836 4694 Augustae
1867 4616 1950 4673 ma-

473 4737 624 4816 ximum
653 4736 922 4816 deversorium
950 4738 1009 4814 est
1036 4738 1120 4816 sive
1149 4736 1308 4835 Forum,
1331 4736 1398 4815 ubi
1428 4738 1597 4834 populus
1627 4737 1794 4834 publicis
1823 4737 1952 4833 priva-

472 4871 602 4969 tisque
630 4872 798 4968 negotiis
827 4873 1070 4973 versabatur,
1093 4872 1198 4968 quod
1228 4872 1303 4950 etsi
1331 4873 1484 4952 nullam
1514 4879 1608 4951 tunc
1626 4870 1839 4968 ,habuisset
1867 4889 1950 4948 ma·

512 5115 551 5174 ¹¹)
564 5115 741 5181 Differ-entia
753 5135 833 5201 quae
845 5117 925 5182 inter
937 5135 1027 5182 voces
1042 5122 1188 5182 amoto*
1227 5126 1291 5184 tem
1307 5121 1429 5204 iterque
1447 5129 1639 5199 mutantem,
1658 5126 1690 5181 ct
1706 5113 1956 5181 delluicrim
2065 5109 2067 5116 ’

472 5213 548 5277 aud
560 5222 592 5278 at
605 5213 829 5279 delluicrr'm
843 5215 922 5299 (tab.
937 5233 959 5296 1,
973 5233 1016 5279 vs.
1031 5214 1069 5299 8)
1083 5234 1193 5280 occur·
1230 5229 1277 5283 est
1297 5220 1346 5282 ria
1370 5220 1476 5301 paullo
1495 5237 1512 5281 a
1527 5227 1613 5282 recto
1632 5215 1755 5282 tramite
1772 5215 1953 5297 discedans3

473 5308 532 5388 rit,
546 5313 631 5390 patet
649 5327 689 5373 ex
705 5312 865 5390 particulis
883 5331 941 5376 cor
958 5319 990 5376 at
1005 5310 1093 5377 dell
1112 5330 1191 5395 quac
1231 5333 1329 5397 quaro
1340 5315 1448 5379 canter
1459 5314 1544 5398 quod
1565 5313 1606 5376 de
1620 5311 1749 5377 brachio
1772 5310 1879 5375 cubito
1901 5313 1953 5374 io-

475 5423 584 5471 vooem
597 5406 650 5471 ulo
664 5410 867 5489 praecedunt,
883 5429 954 5474 uam
966 5411 1084 5475 circum
1096 5411 1191 5475 valuit
1230 5415 1468 5492 dexc,uummis
1480 5415 1629 5478 Anconae
1638 5410 1953 5494 expressc,disseruit

474 5524 545 5586 cm,
561 5512 593 5567 at
605 5503 698 5569 dell
711 5506 883 5587 explicatur
900 5510 937 5573 dc
956 5512 1004 5576 vel
1019 5531 1077 5589 cu,
1095 5512 1137 5575 itu
1154 5519 1189 5576 ut
1228 5509 1422 5576 Caledonius
1437 5508 1562 5590 (Spicil.
1578 5525 1662 5571 uum.
1679 5523 1750 5588 pag.
1770 5507 1803 5570 tt
1817 5505 1840 5588 l.
1918 5522 1921 5528 ·

474 5604 665 5672 cmulcoud
678 5603 792 5669 dicitur
806 5606 837 5670 io
853 5606 952 5674 titulis
963 5610 1045 5676 viam
1058 5611 1188 5675 ductan-
