4475 6400
913 609 1178 671 PRAEFATIO
1738 610 1793 673 Vll

247 822 252 834 .
300 741 343 833 lo
373 737 641 867 pompeiano
660 766 797 863 quem
821 735 975 832 tabula
995 738 1144 863 prima
1164 736 1416 849 delineari,
1439 736 1653 862 leguntur
1675 770 1793 865 quae

299 886 375 980 hic
406 899 535 979 extra
566 879 776 976 ordinem
806 879 1084 1004 adiungam,
1128 911 1185 975 ne
1225 911 1394 1007 arguar
1431 879 1626 977 levitatis
1661 884 1804 1013 culpa·

304 1027 384 1153 (cl.
422 1042 533 1120 tom.
570 1059 614 1138 u,
650 1056 756 1153 pag.
793 1024 982 1151 bii-57).

423 1169 563 1265 Multa
594 1202 712 1265 nova
744 1183 848 1266 sunt
879 1172 925 1263 in
958 1168 1109 1298 lapide
1129 1199 1247 1294 quae
1269 1168 1675 1265 animadvertenda
1696 1172 1792 1266 exi·

300 1316 561 1409 stimautur:
597 1316 788 1411 verbum
819 1316 1050 1411 siuttiis
1096 1313 1235 1408 habet
1266 1313 1280 1406 i
1313 1311 1618 1440 praepositum
1650 1346 1681 1407 u
1713 1346 1794 1408 vo·

303 1451 406 1563 cali,
442 1470 494 1546 ut
525 1452 583 1549 de
614 1454 714 1548 aliis
743 1453 929 1550 vocibus
960 1456 1137 1550 dictum
1167 1465 1235 1545 est
1266 1451 1313 1544 in
1345 1466 1458 1544 tom.
1492 1484 1523 1563 1,
1559 1481 1666 1577 pag.
1700 1451 1790 1559 87,

304 1600 440 1712 atque
470 1620 525 1683 ex
556 1622 664 1687 voce
693 1590 907 1705 aidilis,
941 1625 1057 1718 qnae
1088 1596 1250 1691 tertiae
1294 1593 1606 1690 declinationis
1644 1593 1791 1685 nomi-

306 1731 487 1827 nativus
518 1733 709 1860 pluralis
739 1749 823 1849 est,
858 1739 1097 1834 coniicitur
1127 1741 1246 1836 bunc
1277 1769 1454 1849 casum,
1489 1749 1542 1831 ut
1572 1737 1619 1827 in
1651 1734 1793 1829 latina

304 1891 346 1968 et
376 1875 580 1971 umbrica
611 1877 766 2003 lingna
796 1879 940 1993 solet,
974 1881 1168 2011 simplici
1217 1883 1339 1978 vocis
1380 1879 1677 2010 productione
1714 1880 1792 1975 de·

305 2018 507 2133 ductum,
542 2052 563 2114 s
593 2021 824 2118 adiuncto.
858 2026 1153 2123 Accusativus
1199 2026 1441 2153 singularis
1476 2023 1683 2118 feminini
1715 2055 1793 2150 ge-

305 2160 423 2260 neris
454 2164 623 2262 dicitur
651 2168 794 2262 ekak
825 2200 909 2296 pro
939 2168 1167 2280 ekam·k,
1201 2179 1248 2261 et
1277 2164 1471 2261 verbum
1490 2162 1651 2259 tertiae
1681 2193 1789 2290 per-

302 2332 438 2396 sonae
457 2301 658 2430 pluralis,
676 2309 912 2434 praeteriti
931 2303 1171 2435 temporis,
1190 2304 1449 2430 agnoscitur
1480 2316 1534 2396 te
1546 2316 1791 2395 remnat·

303 2455 463 2553 tens,
497 2442 563 2536 uti
596 2474 850 2571 uupsens
881 2459 926 2539 et
957 2448 1309 2573 prdl'attens,
1344 2445 1473 2541 cuius
1503 2444 1675 2540 formae
1706 2477 1792 2541 nu·

303 2582 419 2676 meri
452 2583 696 2709 singularis
713 2601 821 2679 sunt
851 2589 1146 2715 priilatted
1178 2605 1224 2685 et
1255 2588 1449 2715 irpsed.
1472 2588 1559 2683 Sed
1581 2588 1655 2685 bic
1676 2621 1792 2685 non·

302 2723 453 2819 nullae
484 2724 767 2822 difficultates
798 2744 1045 2825 occurrunt
1075 2731 1194 2826 circa
1213 2730 1531 2823 formationem
1557 2730 1792 2855 praeteriti

302 2864 482 2990 primae
500 2866 847 2991 coniugatiouis,
871 2897 976 2960 uam
995 2868 1032 2961 si
1065 2871 1111 2963 in
1143 2868 1491 2965 anmanalled
1522 2884 1569 2964 et
1599 2870 1791 2965 aikda·

302 3006 412 3120 sed,
461 3038 578 3132 quae
609 3007 668 3102 ad
699 3009 783 3104 boc
816 3024 994 3134 tempus
1030 3012 1283 3135 pectinent,
1323 3008 1345 3101 l
1355 3008 1651 3135 conspicitur
1688 3038 1794 3103 cum

303 3149 456 3246 radice
484 3166 745 3278 cognatum,
780 3182 872 3247 non
903 3152 965 3245 ita
981 3152 1181 3248 cernitur
1201 3150 1248 3243 in
1266 3145 1567 3278 prblatted,
1589 3145 1795 3273 prdlat-

304 3309 443 3408 tens,
478 3310 893 3408 teremnattens,
916 3296 1066 3390 necin
1094 3291 1513 3385 tribarakattins
1545 3302 1591 3382 et
1622 3286 1792 3381 triba·

306 3436 630 3549 rakattuset,
657 3438 823 3564 quibus
843 3438 1008 3566 duplex
1022 3452 1059 3552 t,
1082 3434 1204 3560 quod
1218 3449 1370 3529 antem
1386 3433 1511 3528 deest
1532 3432 1581 3525 in
1603 3432 1792 3559 irpsed,

305 3576 528 3704 irpseus,
563 3579 802 3707 prbsled,
837 3579 1051 3711 temporis
1081 3574 1274 3668 lormam
1313 3572 1554 3698 designare
1591 3570 1791 3683 videtur3

304 3734 508 3816 attamen
541 3722 653 3816 nihil
686 3720 743 3819 de
760 3724 842 3820 boc
863 3724 1012 3820 dicere
1032 3721 1099 3815 sas
1121 3728 1203 3826 esi,
1229 3712 1352 3841 q¹¹0d
1374 3712 1509 3839 Plane
1531 3742 1634 3807 ⁰⁰¹1]
1653 3710 1792 3839 mll0·

302 3895 359 3959 ne
381 3867 691 3994 exemplorum
713 3870 964 3964 conveniat.
981 3860 1166 3961 Duobus
1191 3873 1211 3951 t
1235 3857 1452 3952 scribitur
1482 3855 1791 3982 pirnttram,

299 4001 421 4125 quod
452 4006 642 4100 verbum
668 4020 853 4133 portum
883 4006 1133 4117 denotasse,
1159 4003 1302 4127 magis
1319 4033 1375 4095 ex
1396 3998 1494 4092 loco
1522 3996 1789 4111 effossionis,

298 4173 436 4266 quam
467 4148 609 4273 etymi
643 4155 796 4242 caussa
818 4146 1104 4274 intelligitur.
1131 4149 1244 4241 ltem
1267 4157 1373 4238 uota
1394 4141 1532 4268 digna
1559 4141 1655 4234 visa
1685 4155 1793 4234 sunt

299 4296 674 4381 teremnatust
706 4317 791 4414 pro
823 4300 1255 4398 teremnatuest,
1277 4297 1323 4378 ct
1351 4278 1667 4410 pcrekqnod
1690 4280 1791 4374 lon-

300 4425 539 4550 gitudinali
556 4459 810 4542 mensurae,
831 4428 971 4524 veluti
988 4426 1195 4522 umbrica
1216 4421 1387 4550 perka
1406 4419 1685 4513 Tabularum
1701 4421 1790 4514 Eu·

299 4562 594 4688 gubinarum,
629 4567 863 4664 tribuitur.
891 4566 963 4662 Ad
994 4565 1243 4661 ablativum
1264 4594 1436 4676 casum,
1457 4592 1739 4687 quamquam
1761 4562 1792 4656 d

300 4701 423 4795 finali
456 4719 621 4817 careat,
656 4707 849 4802 verbum
881 4708 1036 4804 iussu
1068 4707 1357 4804 referendum
1388 4719 1619 4817 censetur,
1652 4719 1791 4834 atque

299 4845 710 4943 interaccusativos
729 4852 974 4948 verbavia
1006 4848 1388 4981 pumpaiiana,
1413 4845 1563 4958 kuila,
1596 4846 1683 4940 via
1714 4848 1789 4942 iir-

298 4985 429 5098 viia,
447 5001 492 5080 et
523 4989 678 5085 ekass
707 4985 869 5107 viass,
891 4995 1057 5120 quibus
1088 5028 1110 5090 s
1141 4995 1197 5089 ab
1220 5026 1280 5089 ns
1299 4993 1522 5122 procedit,
1547 5009 1599 5088 ut
1621 5009 1690 5090 cst
1712 4996 1791 5092 ais

299 5126 346 5217 iu
378 5129 622 5227 verborum
655 5133 935 5252 desinentiis,
960 5145 1304 5255 confirmantur3
1331 5174 1413 5237 nee
1434 5142 1563 5268 origo
1584 5142 1791 5240 adiectivi

300 5269 676 5393 dekkviarim,
712 5280 758 5373 in
789 5312 879 5405 qua
911 5281 1057 5380 lorma
1088 5289 1366 5384 accusativus
1387 5285 1628 5412 singularis
1652 5319 1791 5415 agno·

300 5414 457 5529 scitur,
492 5422 549 5516 ab
580 5423 670 5517 alio
701 5424 884 5520 nomine
914 5453 1050 5552 quam
1082 5464 1105 5526 a
1138 5429 1419 5526 substantivo
1441 5428 1642 5525 dekvia
1664 5462 1791 5557 repe-

301 5561 437 5657 tenda
453 5578 536 5677 est,
558 5581 602 5661 et
624 5568 759 5663 rerba
781 5565 1059 5667 medikeis
1090 5570 1512 5698 pumpaiianeis
1540 5569 1790 5665 modilicnri
