4475 6400
742 1350 1357 1526 PRAEFATIO
1458 1500 1464 1509 .

982 1733 1111 1745 ’.σ-

424 2583 688 2678 Universam
711 2579 1089 2710 pompeianorum
1112 2579 1464 2710 inscriptionum
1484 2579 1794 2676 collectionem

300 2739 352 2821 ut
384 2726 478 2853 ipsa
509 2758 600 2821 non
632 2725 828 2854 amplius
859 2722 1064 2836 deesset,
1098 2754 1182 2851 per
1212 2756 1377 2821 novem
1408 2725 1503 2820 iere
1534 2755 1679 2819 annos
1709 2724 1794 2818 etsi

298 2885 560 2997 temporum
593 2868 776 2997 flagitiis
808 2867 1191 2993 inimicorumque
1230 2866 1401 2963 iniuria
1439 2883 1668 2981 vexatuS,
1704 2899 1795 2963 non

296 3015 394 3110 sine
426 3013 650 3110 industria
681 3043 733 3109 ac
764 3011 919 3105 labore
949 3008 1171 3136 congessi,
1206 3007 1350 3107 donec
1375 3013 1558 3108 Patroni
1581 3013 1670 3109 mei
1699 3014 1798 3109 Μυ-

297 3156 629 3256 nilicentissimi
662 3184 819 3250 amore
850 3184 901 3248 ac
922 3147 1237 3248 benevolentia
1254 3148 1572 3276 adquiescens,
1592 3182 1694 3248 eam
1716 3149 1796 3248 de-

299 3337 424 3402 mum
457 3300 710 3433 typothetis
741 3296 855 3394 mibi
888 3293 1070 3391 tradere
1100 3291 1246 3388 licuit.
1281 3296 1682 3390 Monumentorum
1709 3295 1796 3421 igi·

300 3456 377 3536 tur
408 3439 839 3568 epigraphicorum,
873 3432 1021 3531 adbuc
1050 3431 1260 3559 Pompeis
1292 3449 1609 3562 repertorum,
1643 3431 1797 3526 omnia

298 3607 415 3704 quae
446 3592 607 3672 extant
636 3578 720 3672 boc
750 3574 983 3670 volumine
1012 3575 1324 3691 continentur,
1358 3576 1482 3703 quod
1514 3592 1608 3670 tres
1626 3575 1673 3668 in
1695 3605 1797 3702 par-

295 3733 365 3814 tes
396 3717 685 3848 dispescitur.
719 3719 863 3815 Habet
896 3718 944 3812 in
964 3719 1116 3845 prima
1137 3751 1263 3816 oscas
1284 3721 1602 3848 inscriptiones
1621 3750 1677 3815 ex
1697 3718 1796 3813 ion·

295 3863 420 3959 tibus
450 3863 662 3990 genuinis
693 3861 943 3988 descriptas
963 3874 1102 3987 atque
1124 3862 1405 3960 brevissimis
1425 3859 1799 3991 explicationibus

298 4006 557 4123 instructas,
592 4038 706 4133 quas
737 4006 828 4100 iam
852 4005 983 4099 multi
1004 4004 1214 4121 edidere,
1235 4023 1281 4102 et
1302 4005 1689 4136 operaepretium
1711 4005 1800 4100 erit

297 4145 422 4241 baud
453 4149 707 4275 praeterire
736 4148 918 4244 silentio
949 4146 1271 4246 celeberrimos
1309 4152 1433 4247 viros
1476 4149 1795 4262 Avellininm,

294 4289 658 4408 Groteiendium,
682 4292 911 4423 lepsium,
936 4293 1356 4422 amicissimumque
1377 4325 1531 4391 meum
1554 4294 1797 4388 Mommse-

297 4430 445 4546 nium,
479 4433 647 4559 quibus
677 4438 876 4532 maxima
906 4471 962 4535 ex
992 4452 1123 4566 parte
1153 4433 1394 4534 titulorum
1428 4436 1687 4565 explanatio
1716 4434 1796 4529 ab·

292 4568 441 4666 soluta
470 4585 554 4667 est.
589 4572 679 4667 Sed
710 4575 821 4700 quia
850 4574 898 4668 in
932 4605 983 4669 re
1013 4589 1108 4669 tam
1142 4572 1315 4673 difficili
1348 4591 1394 4673 et
1416 4576 1604 4673 obscura
1626 4571 1797 4701 quidli-

295 4712 372 4807 bet
401 4711 753 4828 adnotandum,
789 4713 1119 4826 refutandum,
1157 4714 1229 4809 vel
1276 4714 1604 4812 recensendum
1638 4713 1797 4810 datum

292 4884 475 4983 semper
503 4858 670 4982 cuique
713 4856 835 4971 luit,
871 4857 998 4954 libris
1029 4861 1188 4953 eorum
1234 4857 1520 4986 exploratis,
1554 4857 1794 4985 titulisque

295 4995 482 5095 adiectis
512 4997 591 5125 qni
624 5029 772 5127 nuper
803 4998 975 5095 inventi
1014 5017 1151 5118 sunt,
1193 5001 1396 5132 lapidum
1442 5002 1712 5100 lectionibus
1742 5033 1792 5098 e·

295 5136 540 5253 mendatis,
573 5154 622 5235 et
651 5172 741 5267 qua
772 5140 901 5269 potui
935 5141 1172 5271 diligentia
1204 5142 1457 5241 rationibus
1477 5141 1794 5272 paleograpbi·

294 5283 359 5378 cis
389 5283 603 5409 originali
636 5283 956 5411 magnitudine
986 5284 1198 5398 servatis,
1223 5285 1341 5382 banc
1363 5319 1527 5382 novam
1548 5285 1796 5382 editionem

296 5421 489 5549 paravi,
522 5425 710 5548 quaesi
746 5455 819 5520 me
852 5455 941 5519 non
975 5423 1094 5521 fallit
1143 5424 1356 5542 animus,
1393 5459 1474 5524 uec
1511 5423 1687 5521 inutilis
1719 5453 1800 5516 nec

295 5565 626 5661 contemnenda
659 5566 764 5663 erit.
