<?xml version="1.0" encoding="UTF-8"?>
<!DOCTYPE html PUBLIC "-//W3C//DTD XHTML 1.0 Transitional//EN"
    "http://www.w3.org/TR/xhtml1/DTD/xhtml1-transitional.dtd">
<html xmlns="http://www.w3.org/1999/xhtml" xml:lang="en" lang="en">
 <head>
  <title>
</title>
<meta http-equiv="Content-Type" content="text/html;charset=utf-8" />
  <meta name='ocr-system' content='tesseract 3.04.00' />
  <meta name='ocr-capabilities' content='ocr_page ocr_carea ocr_par ocr_line ocrx_word'/>
</head>
<body>
  <div class='ocr_page' id='page_1' title='image "./monumentaepigra00fiorgoog_0029.png"; bbox 0 0 4475 6400; ppageno 0'>
   <div class='ocr_carea' id='block_1_1' title="bbox 512 558 1758 691">
    <p class='ocr_par' dir='ltr' id='par_1_1' title="bbox 512 558 1758 691">
     <span class='ocr_line' id='line_1_1' title="bbox 512 558 1758 691; baseline 0.008 -24"><span class='ocrx_word' id='word_1_1' title='bbox 512 658 517 667; x_wconf 91' lang='lat'><em>.</em></span> <span class='ocrx_word' id='word_1_2' title='bbox 648 605 699 666; x_wconf 81' lang='lat' dir='ltr'><strong>ln</strong></span> <span class='ocrx_word' id='word_1_3' title='bbox 720 558 1161 668; x_wconf 57' lang='lat' dir='ltr'><strong>rrnrn&#39;laennrrrnnvn</strong></span> <span class='ocrx_word' id='word_1_4' title='bbox 1181 605 1382 668; x_wconf 82' lang='lat' dir='ltr'><strong>nxrarssl.</strong></span> <span class='ocrx_word' id='word_1_5' title='bbox 1408 648 1419 691; x_wconf 74' lang='lat' dir='ltr'><em>z</em></span> <span class='ocrx_word' id='word_1_6' title='bbox 1659 614 1758 677; x_wconf 87' lang='lat' dir='ltr'><strong>xxm</strong></span> 
     </span>
    </p>
   </div>
   <div class='ocr_carea' id='block_1_2' title="bbox 269 751 1759 856">
    <p class='ocr_par' dir='ltr' id='par_1_2' title="bbox 269 751 1759 856">
     <span class='ocr_line' id='line_1_2' title="bbox 269 751 1759 856; baseline 0.003 -22"><span class='ocrx_word' id='word_1_7' title='bbox 269 777 361 834; x_wconf 88' lang='lat' dir='ltr'><strong>cere</strong></span> <span class='ocrx_word' id='word_1_8' title='bbox 402 755 528 856; x_wconf 88' lang='lat' dir='ltr'><strong>dicit,</strong></span> <span class='ocrx_word' id='word_1_9' title='bbox 573 757 616 834; x_wconf 90' lang='lat' dir='ltr'><strong>ut</strong></span> <span class='ocrx_word' id='word_1_10' title='bbox 655 751 1022 836; x_wconf 72' lang='lat' dir='ltr'><strong>tumbennieis</strong></span> <span class='ocrx_word' id='word_1_11' title='bbox 1060 751 1317 852; x_wconf 69' lang='lat' dir='ltr'><strong>tunninud</strong></span> <span class='ocrx_word' id='word_1_12' title='bbox 1356 757 1543 852; x_wconf 75' lang='lat' dir='ltr'><strong>quaestor</strong></span> <span class='ocrx_word' id='word_1_13' title='bbox 1582 757 1759 849; x_wconf 84' lang='lat' dir='ltr'><strong>Vinicius</strong></span> 
     </span>
    </p>
   </div>
   <div class='ocr_carea' id='block_1_3' title="bbox 241 877 1898 990">
    <p class='ocr_par' dir='ltr' id='par_1_3' title="bbox 241 877 1898 990">
     <span class='ocr_line' id='line_1_3' title="bbox 241 877 1898 990; baseline 0.003 -23"><span class='ocrx_word' id='word_1_14' title='bbox 241 877 485 969; x_wconf 71' lang='lat' dir='ltr'><strong>&#39;tritium</strong></span> <span class='ocrx_word' id='word_1_15' title='bbox 514 889 742 968; x_wconf 81' lang='lat' dir='ltr'><strong>faciundam</strong></span> <span class='ocrx_word' id='word_1_16' title='bbox 771 891 931 990; x_wconf 80' lang='lat' dir='ltr'><strong>locavit,</strong></span> <span class='ocrx_word' id='word_1_17' title='bbox 964 891 1004 967; x_wconf 91' lang='lat' dir='ltr'><strong>et</strong></span> <span class='ocrx_word' id='word_1_18' title='bbox 1033 888 1077 966; x_wconf 86' lang='lat' dir='ltr'><strong>ll.</strong></span> <span class='ocrx_word' id='word_1_19' title='bbox 1113 885 1301 982; x_wconf 87' lang='lat' dir='ltr'><strong>Popidius</strong></span> <span class='ocrx_word' id='word_1_20' title='bbox 1331 889 1517 984; x_wconf 77' lang='lat' dir='ltr'>quaestor</span> <span class='ocrx_word' id='word_1_21' title='bbox 1546 891 1653 971; x_wconf 86' lang='lat' dir='ltr'><strong>haud</strong></span> <span class='ocrx_word' id='word_1_22' title='bbox 1690 895 1760 971; x_wconf 89' lang='lat' dir='ltr'><strong>Ba·</strong></span> <span class='ocrx_word' id='word_1_23' title='bbox 1892 931 1898 945; x_wconf 94' lang='lat'><em>·</em></span> 
     </span>
    </p>
   </div>
   <div class='ocr_carea' id='block_1_4' title="bbox 267 1019 1761 1401">
    <p class='ocr_par' dir='ltr' id='par_1_4' title="bbox 267 1019 1761 1401">
     <span class='ocr_line' id='line_1_4' title="bbox 267 1019 1761 1131; baseline 0.003 -29"><span class='ocrx_word' id='word_1_24' title='bbox 267 1026 403 1104; x_wconf 79' lang='lat' dir='ltr'><strong>silicae</strong></span> <span class='ocrx_word' id='word_1_25' title='bbox 433 1026 608 1122; x_wconf 80' lang='lat' dir='ltr'><strong>perdens</strong></span> <span class='ocrx_word' id='word_1_26' title='bbox 637 1024 726 1104; x_wconf 86' lang='lat' dir='ltr'><strong>fleri</strong></span> <span class='ocrx_word' id='word_1_27' title='bbox 757 1026 885 1131; x_wconf 87' lang='lat' dir='ltr'><strong>iussit,</strong></span> <span class='ocrx_word' id='word_1_28' title='bbox 908 1027 980 1105; x_wconf 89' lang='lat' dir='ltr'><strong>sed</strong></span> <span class='ocrx_word' id='word_1_29' title='bbox 1004 1019 1200 1103; x_wconf 83' lang='lat' dir='ltr'><strong>faciundis</strong></span> <span class='ocrx_word' id='word_1_30' title='bbox 1220 1043 1357 1100; x_wconf 90' lang='lat' dir='ltr'><strong>euram</strong></span> <span class='ocrx_word' id='word_1_31' title='bbox 1376 1023 1573 1105; x_wconf 78' lang='lat' dir='ltr'><strong>adhibuit.</strong></span> <span class='ocrx_word' id='word_1_32' title='bbox 1598 1027 1761 1123; x_wconf 84' lang='lat' dir='ltr'>Propter</span> 
     </span>
     <span class='ocr_line' id='line_1_5' title="bbox 267 1156 1761 1267; baseline 0.001 -23"><span class='ocrx_word' id='word_1_33' title='bbox 267 1167 374 1261; x_wconf 91' lang='lat' dir='ltr'><strong>quod</strong></span> <span class='ocrx_word' id='word_1_34' title='bbox 404 1163 525 1243; x_wconf 86' lang='lat' dir='ltr'><strong>liceat</strong></span> <span class='ocrx_word' id='word_1_35' title='bbox 554 1162 653 1241; x_wconf 84' lang='lat' dir='ltr'><strong>milri</strong></span> <span class='ocrx_word' id='word_1_36' title='bbox 682 1165 816 1260; x_wconf 86' lang='lat' dir='ltr'><strong>paulin</strong></span> <span class='ocrx_word' id='word_1_37' title='bbox 844 1185 870 1241; x_wconf 91' lang='lat' dir='ltr'><strong>a</strong></span> <span class='ocrx_word' id='word_1_38' title='bbox 898 1157 1097 1243; x_wconf 83' lang='lat' dir='ltr'><strong>sententia</strong></span> <span class='ocrx_word' id='word_1_39' title='bbox 1125 1156 1344 1236; x_wconf 68' lang='lat' dir='ltr'><strong>doctissimi</strong></span> <span class='ocrx_word' id='word_1_40' title='bbox 1374 1158 1450 1238; x_wconf 80' lang='lat' dir='ltr'><strong>viri</strong></span> <span class='ocrx_word' id='word_1_41' title='bbox 1475 1161 1697 1267; x_wconf 80' lang='lat' dir='ltr'><strong>discedere,</strong></span> <span class='ocrx_word' id='word_1_42' title='bbox 1720 1172 1761 1246; x_wconf 92' lang='lat' dir='ltr'><strong>et</strong></span> 
     </span>
     <span class='ocr_line' id='line_1_6' title="bbox 268 1298 1761 1401; baseline 0.002 -19"><span class='ocrx_word' id='word_1_43' title='bbox 268 1305 401 1382; x_wconf 88' lang='lat' dir='ltr'><strong>denuo</strong></span> <span class='ocrx_word' id='word_1_44' title='bbox 429 1301 540 1379; x_wconf 90' lang='lat' dir='ltr'><strong>illam</strong></span> <span class='ocrx_word' id='word_1_45' title='bbox 560 1300 603 1378; x_wconf 92' lang='lat' dir='ltr'><strong>in</strong></span> <span class='ocrx_word' id='word_1_46' title='bbox 625 1302 754 1380; x_wconf 89' lang='lat' dir='ltr'><strong>lucem</strong></span> <span class='ocrx_word' id='word_1_47' title='bbox 775 1300 970 1401; x_wconf 85' lang='lat' dir='ltr'><strong>proferre,</strong></span> <span class='ocrx_word' id='word_1_48' title='bbox 992 1318 1065 1393; x_wconf 87' lang='lat' dir='ltr'><strong>per</strong></span> <span class='ocrx_word' id='word_1_49' title='bbox 1084 1315 1203 1390; x_wconf 90' lang='lat' dir='ltr'><strong>quam</strong></span> <span class='ocrx_word' id='word_1_50' title='bbox 1227 1298 1389 1376; x_wconf 83' lang='lat' dir='ltr'><strong>verbum</strong></span> <span class='ocrx_word' id='word_1_51' title='bbox 1416 1304 1761 1401; x_wconf 82' lang='lat' dir='ltr'><strong>carnanaffed</strong></span> 
     </span>
    </p>
   </div>
   <div class='ocr_carea' id='block_1_5' title="bbox 267 1431 1916 1532">
    <p class='ocr_par' dir='ltr' id='par_1_5' title="bbox 267 1431 1916 1532">
     <span class='ocr_line' id='line_1_7' title="bbox 267 1431 1916 1532; baseline 0.004 -20"><span class='ocrx_word' id='word_1_52' title='bbox 267 1434 415 1512; x_wconf 86' lang='lat' dir='ltr'><strong>latinae</strong></span> <span class='ocrx_word' id='word_1_53' title='bbox 434 1433 630 1512; x_wconf 79' lang='lat' dir='ltr'><strong>formulae</strong></span> <span class='ocrx_word' id='word_1_54' title='bbox 648 1431 880 1532; x_wconf 67' lang='lat' dir='ltr'><strong>tanacetum</strong></span> <span class='ocrx_word' id='word_1_55' title='bbox 904 1431 1062 1513; x_wconf 80' lang='lat' dir='ltr'><strong>curavit</strong></span> <span class='ocrx_word' id='word_1_56' title='bbox 1088 1433 1329 1526; x_wconf 87' lang='lat' dir='ltr'><strong>respendere</strong></span> <span class='ocrx_word' id='word_1_57' title='bbox 1360 1436 1624 1519; x_wconf 77' lang='lat' dir='ltr'><strong>existimetur.</strong></span> <span class='ocrx_word' id='word_1_58' title='bbox 1648 1443 1762 1521; x_wconf 80' lang='lat' dir='ltr'><strong>Arel-</strong></span> <span class='ocrx_word' id='word_1_59' title='bbox 1911 1496 1916 1509; x_wconf 87' lang='lat'><strong>.</strong></span> 
     </span>
    </p>
   </div>
   <div class='ocr_carea' id='block_1_6' title="bbox 268 1568 1763 2763">
    <p class='ocr_par' dir='ltr' id='par_1_6' title="bbox 268 1568 1763 2763">
     <span class='ocr_line' id='line_1_8' title="bbox 268 1568 1759 1675; baseline 0.005 -25"><span class='ocrx_word' id='word_1_60' title='bbox 268 1574 389 1652; x_wconf 88' lang='lat' dir='ltr'><strong>liuius</strong></span> <span class='ocrx_word' id='word_1_61' title='bbox 416 1571 486 1670; x_wconf 90' lang='lat' dir='ltr'><strong>qui</strong></span> <span class='ocrx_word' id='word_1_62' title='bbox 514 1576 624 1651; x_wconf 92' lang='lat' dir='ltr'><strong>recte</strong></span> <span class='ocrx_word' id='word_1_63' title='bbox 652 1571 772 1650; x_wconf 87' lang='lat' dir='ltr'><strong>huius</strong></span> <span class='ocrx_word' id='word_1_64' title='bbox 801 1571 911 1653; x_wconf 81' lang='lat' dir='ltr'><strong>verbi</strong></span> <span class='ocrx_word' id='word_1_65' title='bbox 941 1568 1273 1666; x_wconf 76' lang='lat' dir='ltr'><strong>significationem</strong></span> <span class='ocrx_word' id='word_1_66' title='bbox 1301 1572 1515 1675; x_wconf 84' lang='lat' dir='ltr'><strong>intellexit,</strong></span> <span class='ocrx_word' id='word_1_67' title='bbox 1547 1579 1625 1657; x_wconf 88' lang='lat' dir='ltr'><strong>hoc</strong></span> <span class='ocrx_word' id='word_1_68' title='bbox 1653 1580 1759 1658; x_wconf 84' lang='lat' dir='ltr'><strong>scin-</strong></span> 
     </span>
     <span class='ocr_line' id='line_1_9' title="bbox 269 1699 1759 1809; baseline 0.006 -25"><span class='ocrx_word' id='word_1_69' title='bbox 269 1708 329 1786; x_wconf 91' lang='lat' dir='ltr'><strong>dit</strong></span> <span class='ocrx_word' id='word_1_70' title='bbox 357 1709 399 1785; x_wconf 94' lang='lat' dir='ltr'><strong>in</strong></span> <span class='ocrx_word' id='word_1_71' title='bbox 429 1726 541 1786; x_wconf 86' lang='lat' dir='ltr'><strong>unm</strong></span> <span class='ocrx_word' id='word_1_72' title='bbox 569 1705 633 1785; x_wconf 79' lang='lat' dir='ltr'><strong>vel</strong></span> <span class='ocrx_word' id='word_1_73' title='bbox 662 1725 741 1783; x_wconf 86' lang='lat' dir='ltr'><strong>am</strong></span> <span class='ocrx_word' id='word_1_74' title='bbox 769 1708 811 1783; x_wconf 90' lang='lat' dir='ltr'><strong>et</strong></span> <span class='ocrx_word' id='word_1_75' title='bbox 838 1699 1080 1802; x_wconf 78' lang='lat' dir='ltr'><strong>unnffed,</strong></span> <span class='ocrx_word' id='word_1_76' title='bbox 1113 1700 1214 1780; x_wconf 91' lang='lat' dir='ltr'><strong>idest</strong></span> <span class='ocrx_word' id='word_1_77' title='bbox 1242 1704 1285 1780; x_wconf 93' lang='lat' dir='ltr'><strong>in</strong></span> <span class='ocrx_word' id='word_1_78' title='bbox 1315 1706 1510 1800; x_wconf 87' lang='lat' dir='ltr'><strong>particula</strong></span> <span class='ocrx_word' id='word_1_79' title='bbox 1537 1730 1616 1789; x_wconf 84' lang='lat' dir='ltr'><strong>am</strong></span> <span class='ocrx_word' id='word_1_80' title='bbox 1654 1732 1759 1809; x_wconf 85' lang='lat' dir='ltr'><strong>quae</strong></span> 
     </span>
     <span class='ocr_line' id='line_1_10' title="bbox 271 1832 1753 1947; baseline 0.004 -26"><span class='ocrx_word' id='word_1_81' title='bbox 271 1842 423 1921; x_wconf 79' lang='lat' dir='ltr'><strong>circum</strong></span> <span class='ocrx_word' id='word_1_82' title='bbox 450 1839 653 1921; x_wconf 85' lang='lat' dir='ltr'><strong>denotavit</strong></span> <span class='ocrx_word' id='word_1_83' title='bbox 682 1841 851 1943; x_wconf 77' lang='lat' dir='ltr'><strong>(smnus,</strong></span> <span class='ocrx_word' id='word_1_84' title='bbox 883 1859 973 1935; x_wconf 77' lang='lat' dir='ltr'><strong>pag.</strong></span> <span class='ocrx_word' id='word_1_85' title='bbox 1011 1832 1064 1939; x_wconf 74' lang='lat'><strong>43</strong></span> <span class='ocrx_word' id='word_1_86' title='bbox 1096 1837 1150 1916; x_wconf 85' lang='lat' dir='ltr'><strong>et.</strong></span> <span class='ocrx_word' id='word_1_87' title='bbox 1184 1858 1291 1919; x_wconf 77' lang='lat' dir='ltr'><strong>narn.</strong></span> <span class='ocrx_word' id='word_1_88' title='bbox 1326 1861 1445 1947; x_wconf 77' lang='lat' dir='ltr'><strong>nme,</strong></span> <span class='ocrx_word' id='word_1_89' title='bbox 1478 1844 1654 1944; x_wconf 70' lang='lat' dir='ltr'><strong>Barcen).</strong></span> <span class='ocrx_word' id='word_1_90' title='bbox 1687 1868 1753 1927; x_wconf 79' lang='lat' dir='ltr'><strong>vv.</strong></span> 
     </span>
     <span class='ocr_line' id='line_1_11' title="bbox 270 1969 1758 2087; baseline 0.004 -29"><span class='ocrx_word' id='word_1_91' title='bbox 270 1980 399 2058; x_wconf 83' lang='lat' dir='ltr'><strong>amnis</strong></span> <span class='ocrx_word' id='word_1_92' title='bbox 427 1978 516 2075; x_wconf 77' lang='lat' dir='ltr'><strong>pag.</strong></span> <span class='ocrx_word' id='word_1_93' title='bbox 555 1971 627 2081; x_wconf 79' lang='lat'><strong>16,</strong></span> <span class='ocrx_word' id='word_1_94' title='bbox 659 1974 888 2054; x_wconf 81' lang='lat' dir='ltr'><strong>amterminr&#39;</strong></span> <span class='ocrx_word' id='word_1_95' title='bbox 913 1994 1003 2072; x_wconf 76' lang='lat' dir='ltr'><strong>pag.</strong></span> <span class='ocrx_word' id='word_1_96' title='bbox 1041 1969 1112 2078; x_wconf 80' lang='lat'><strong>17,</strong></span> <span class='ocrx_word' id='word_1_97' title='bbox 1145 1980 1364 2078; x_wconf 66' lang='lat' dir='ltr'><strong>ducencies</strong></span> <span class='ocrx_word' id='word_1_98' title='bbox 1392 2001 1482 2078; x_wconf 74' lang='lat' dir='ltr'><strong>pag.</strong></span> <span class='ocrx_word' id='word_1_99' title='bbox 1510 1978 1568 2059; x_wconf 80' lang='lat'><strong>21</strong></span> <span class='ocrx_word' id='word_1_100' title='bbox 1600 1983 1758 2087; x_wconf 88' lang='lat' dir='ltr'><strong>litiller)</strong></span> 
     </span>
     <span class='ocr_line' id='line_1_12' title="bbox 270 2109 1758 2216; baseline 0.003 -19"><span class='ocrx_word' id='word_1_101' title='bbox 270 2122 309 2197; x_wconf 92' lang='lat' dir='ltr'><strong>et</strong></span> <span class='ocrx_word' id='word_1_102' title='bbox 349 2118 391 2195; x_wconf 94' lang='lat' dir='ltr'><strong>in</strong></span> <span class='ocrx_word' id='word_1_103' title='bbox 431 2115 554 2195; x_wconf 84' lang='lat' dir='ltr'><strong>verbo</strong></span> <span class='ocrx_word' id='word_1_104' title='bbox 592 2109 810 2210; x_wconf 79' lang='lat' dir='ltr'><strong>cnaffed</strong></span> <span class='ocrx_word' id='word_1_105' title='bbox 848 2113 1049 2207; x_wconf 86' lang='lat' dir='ltr'><strong>praeteriti</strong></span> <span class='ocrx_word' id='word_1_106' title='bbox 1083 2115 1272 2212; x_wconf 82' lang='lat' dir='ltr'><strong>temperis</strong></span> <span class='ocrx_word' id='word_1_107' title='bbox 1305 2118 1526 2216; x_wconf 84' lang='lat' dir='ltr'><strong>tertiaeque</strong></span> <span class='ocrx_word' id='word_1_108' title='bbox 1565 2141 1758 2216; x_wconf 85' lang='lat' dir='ltr'><strong>personae</strong></span> 
     </span>
     <span class='ocr_line' id='line_1_13' title="bbox 270 2248 1763 2355; baseline 0.007 -25"><span class='ocrx_word' id='word_1_109' title='bbox 270 2250 498 2349; x_wconf 77' lang='lat' dir='ltr'><strong>singularis,</strong></span> <span class='ocrx_word' id='word_1_110' title='bbox 521 2251 627 2347; x_wconf 90' lang='lat' dir='ltr'><strong>quod</strong></span> <span class='ocrx_word' id='word_1_111' title='bbox 656 2250 706 2326; x_wconf 87' lang='lat' dir='ltr'><strong>ab</strong></span> <span class='ocrx_word' id='word_1_112' title='bbox 736 2268 814 2326; x_wconf 87' lang='lat' dir='ltr'><strong>ano</strong></span> <span class='ocrx_word' id='word_1_113' title='bbox 834 2248 897 2326; x_wconf 80' lang='lat' dir='ltr'><strong>vel</strong></span> <span class='ocrx_word' id='word_1_114' title='bbox 918 2268 1022 2328; x_wconf 84' lang='lat' dir='ltr'><strong>anuo</strong></span> <span class='ocrx_word' id='word_1_115' title='bbox 1041 2252 1258 2333; x_wconf 90' lang='lat' dir='ltr'><strong>deductum</strong></span> <span class='ocrx_word' id='word_1_116' title='bbox 1286 2256 1507 2355; x_wconf 88' lang='lat' dir='ltr'><strong>eademque</strong></span> <span class='ocrx_word' id='word_1_117' title='bbox 1529 2279 1625 2338; x_wconf 80' lang='lat' dir='ltr'><strong>vnce</strong></span> <span class='ocrx_word' id='word_1_118' title='bbox 1644 2261 1763 2340; x_wconf 85' lang='lat' dir='ltr'><strong>Grae·</strong></span> 
     </span>
     <span class='ocr_line' id='line_1_14' title="bbox 269 2384 1762 2491; baseline 0.001 -19"><span class='ocrx_word' id='word_1_119' title='bbox 269 2412 407 2472; x_wconf 83' lang='lat' dir='ltr'><strong>curum</strong></span> <span class='ocrx_word' id='word_1_120' title='bbox 435 2389 642 2490; x_wconf 89' lang='lat' dir='ltr'><strong>collatum,</strong></span> <span class='ocrx_word' id='word_1_121' title='bbox 664 2384 815 2491; x_wconf 63' lang='lat' dir='ltr'><strong>facere&gt;</strong></span> <span class='ocrx_word' id='word_1_122' title='bbox 831 2386 1028 2464; x_wconf 86' lang='lat' dir='ltr'><strong>indicasse</strong></span> <span class='ocrx_word' id='word_1_123' title='bbox 1056 2389 1220 2484; x_wconf 83' lang='lat' dir='ltr'><strong>putavit.</strong></span> <span class='ocrx_word' id='word_1_124' title='bbox 1245 2388 1509 2485; x_wconf 79' lang='lat' dir='ltr'><strong>Quamobrem</strong></span> <span class='ocrx_word' id='word_1_125' title='bbox 1539 2412 1762 2474; x_wconf 83' lang='lat' dir='ltr'><strong>nmcnnure</strong></span> 
     </span>
     <span class='ocr_line' id='line_1_15' title="bbox 270 2523 1760 2624; baseline 0.001 -21"><span class='ocrx_word' id='word_1_126' title='bbox 270 2528 314 2603; x_wconf 87' lang='lat' dir='ltr'><strong>ut</strong></span> <span class='ocrx_word' id='word_1_127' title='bbox 336 2544 568 2624; x_wconf 77' lang='lat' dir='ltr'><strong>perennare</strong></span> <span class='ocrx_word' id='word_1_128' title='bbox 596 2523 662 2601; x_wconf 86' lang='lat' dir='ltr'><strong>vel</strong></span> <span class='ocrx_word' id='word_1_129' title='bbox 685 2540 928 2624; x_wconf 78' lang='lat' dir='ltr'><strong>perennare,</strong></span> <span class='ocrx_word' id='word_1_130' title='bbox 951 2523 1058 2620; x_wconf 89' lang='lat' dir='ltr'><strong>qued</strong></span> <span class='ocrx_word' id='word_1_131' title='bbox 1088 2523 1210 2602; x_wconf 87' lang='lat' dir='ltr'><strong>etiam</strong></span> <span class='ocrx_word' id='word_1_132' title='bbox 1239 2523 1441 2604; x_wconf 84' lang='lat' dir='ltr'><strong>invenitur</strong></span> <span class='ocrx_word' id='word_1_133' title='bbox 1468 2526 1511 2603; x_wconf 90' lang='lat' dir='ltr'><strong>in</strong></span> <span class='ocrx_word' id='word_1_134' title='bbox 1541 2527 1664 2609; x_wconf 77' lang='lat' dir='ltr'><strong>sacris</strong></span> <span class='ocrx_word' id='word_1_135' title='bbox 1683 2530 1760 2605; x_wconf 80' lang='lat' dir='ltr'><strong>ln·</strong></span> 
     </span>
     <span class='ocr_line' id='line_1_16' title="bbox 269 2656 1760 2763; baseline 0.005 -25"><span class='ocrx_word' id='word_1_136' title='bbox 269 2680 347 2738; x_wconf 88' lang='lat' dir='ltr'><strong>nae</strong></span> <span class='ocrx_word' id='word_1_137' title='bbox 376 2660 581 2737; x_wconf 84' lang='lat' dir='ltr'><strong>Perennae</strong></span> <span class='ocrx_word' id='word_1_138' title='bbox 612 2658 805 2759; x_wconf 72' lang='lat' dir='ltr'><strong>(aecana,</strong></span> <span class='ocrx_word' id='word_1_139' title='bbox 838 2656 998 2737; x_wconf 83' lang='lat' dir='ltr'><strong>Satura.</strong></span> <span class='ocrx_word' id='word_1_140' title='bbox 1034 2659 1104 2739; x_wconf 88' lang='lat' dir='ltr'><strong>lib.</strong></span> <span class='ocrx_word' id='word_1_141' title='bbox 1138 2681 1167 2761; x_wconf 85' lang='lat' dir='ltr'><strong>r,</strong></span> <span class='ocrx_word' id='word_1_142' title='bbox 1194 2674 1288 2758; x_wconf 81' lang='lat' dir='ltr'><strong>cap.</strong></span> <span class='ocrx_word' id='word_1_143' title='bbox 1327 2657 1410 2763; x_wconf 83' lang='lat'><strong>12),</strong></span> <span class='ocrx_word' id='word_1_144' title='bbox 1435 2661 1760 2760; x_wconf 65' lang='lat' dir='ltr'><strong>profundendum</strong></span> 
     </span>
    </p>
   </div>
   <div class='ocr_carea' id='block_1_7' title="bbox 270 2798 1534 2902">
    <p class='ocr_par' dir='ltr' id='par_1_7' title="bbox 270 2798 1534 2902">
     <span class='ocr_line' id='line_1_17' title="bbox 270 2798 1534 2902; baseline -0.001 -20"><span class='ocrx_word' id='word_1_145' title='bbox 270 2823 413 2882; x_wconf 84' lang='lat' dir='ltr'><strong>curare</strong></span> <span class='ocrx_word' id='word_1_146' title='bbox 442 2800 607 2878; x_wconf 91' lang='lat' dir='ltr'><strong>retinuit</strong></span> <span class='ocrx_word' id='word_1_147' title='bbox 636 2798 798 2899; x_wconf 68' lang='lat' dir='ltr'><strong>(nonan.</strong></span> <span class='ocrx_word' id='word_1_148' title='bbox 832 2819 940 2900; x_wconf 78' lang='lat' dir='ltr'><strong>repr.</strong></span> <span class='ocrx_word' id='word_1_149' title='bbox 973 2798 1139 2879; x_wconf 82' lang='lat' dir='ltr'><strong>un’r‘scr.</strong></span> <span class='ocrx_word' id='word_1_150' title='bbox 1173 2821 1287 2881; x_wconf 80' lang='lat' dir='ltr'><strong>rann.</strong></span> <span class='ocrx_word' id='word_1_151' title='bbox 1323 2822 1413 2898; x_wconf 76' lang='lat' dir='ltr'><strong>pag.</strong></span> <span class='ocrx_word' id='word_1_152' title='bbox 1447 2798 1534 2902; x_wconf 74' lang='lat'>25).</span> 
     </span>
    </p>
   </div>
   <div class='ocr_carea' id='block_1_8' title="bbox 959 2994 1051 3156">
    <p class='ocr_par' dir='ltr' id='par_1_8' title="bbox 959 2994 1051 3156">
     <span class='ocr_line' id='line_1_18' title="bbox 959 2994 1051 3156; baseline 0.022 -2"><span class='ocrx_word' id='word_1_153' title='bbox 959 2994 1051 3156; x_wconf 86' lang='lat' dir='ltr'><strong>m.</strong></span> 
     </span>
    </p>
   </div>
   <div class='ocr_carea' id='block_1_9' title="bbox 481 3681 1362 4358">
    <p class='ocr_par' dir='ltr' id='par_1_9' title="bbox 481 3681 1362 4358">
     <span class='ocr_line' id='line_1_19' title="bbox 508 3681 1360 3802; baseline -0.014 -20"><span class='ocrx_word' id='word_1_154' title='bbox 508 3709 785 3802; x_wconf 64' lang='lat' dir='ltr'><strong>ueneremur</strong></span> <span class='ocrx_word' id='word_1_155' title='bbox 815 3762 966 3786; x_wconf 88' lang='grc'><strong>......</strong></span> <span class='ocrx_word' id='word_1_156' title='bbox 1110 3749 1118 3766; x_wconf 91' lang='grc'><strong>.</strong></span> <span class='ocrx_word' id='word_1_157' title='bbox 1145 3749 1152 3765; x_wconf 93' lang='grc'><strong>.</strong></span> <span class='ocrx_word' id='word_1_158' title='bbox 1179 3681 1360 3794; x_wconf 71' lang='lat' dir='ltr'><strong>Lutum</strong></span> 
     </span>
     <span class='ocr_line' id='line_1_20' title="bbox 481 3823 1359 3938; baseline -0.016 -14"><span class='ocrx_word' id='word_1_159' title='bbox 481 3853 499 3905; x_wconf 72' lang='lat'>2</span> <span class='ocrx_word' id='word_1_160' title='bbox 532 3823 783 3938; x_wconf 66' lang='lat' dir='ltr'><strong>evannum</strong></span> <span class='ocrx_word' id='word_1_161' title='bbox 786 3899 965 3924; x_wconf 86' lang='grc'><strong>.......</strong></span> <span class='ocrx_word' id='word_1_162' title='bbox 1109 3888 1117 3904; x_wconf 93' lang='grc'><strong>.</strong></span> <span class='ocrx_word' id='word_1_163' title='bbox 1149 3888 1158 3905; x_wconf 95' lang='grc'><strong>.</strong></span> <span class='ocrx_word' id='word_1_164' title='bbox 1187 3888 1196 3906; x_wconf 86' lang='grc'><strong>.</strong></span> <span class='ocrx_word' id='word_1_165' title='bbox 1225 3893 1234 3911; x_wconf 95' lang='grc'><strong>.</strong></span> <span class='ocrx_word' id='word_1_166' title='bbox 1264 3826 1359 3913; x_wconf 83' lang='lat' dir='ltr'><strong>tun</strong></span> 
     </span>
     <span class='ocr_line' id='line_1_21' title="bbox 536 3961 1360 4064; baseline -0.019 1"><span class='ocrx_word' id='word_1_167' title='bbox 536 3987 961 4064; x_wconf 41' lang='lat' dir='ltr'><strong>mma-„Qu</strong></span> <span class='ocrx_word' id='word_1_168' title='bbox 1107 3961 1360 4053; x_wconf 78' lang='lat' dir='ltr'><strong>....leltt</strong></span> 
     </span>
     <span class='ocr_line' id='line_1_22' title="bbox 481 4105 1360 4204; baseline -0.027 0"><span class='ocrx_word' id='word_1_169' title='bbox 481 4137 497 4194; x_wconf 73' lang='grc' dir='ltr'>ι</span> <span class='ocrx_word' id='word_1_170' title='bbox 562 4125 980 4204; x_wconf 74' lang='lat' dir='ltr'><strong>nanas........,.</strong></span> <span class='ocrx_word' id='word_1_171' title='bbox 1300 4105 1360 4196; x_wconf 64' lang='lat' dir='ltr'><strong>ln</strong></span> 
     </span>
     <span class='ocr_line' id='line_1_23' title="bbox 574 4245 1362 4358; baseline -0.003 -18"><span class='ocrx_word' id='word_1_172' title='bbox 574 4262 907 4358; x_wconf 58' lang='lat' dir='ltr'><strong>sentententia</strong></span> <span class='ocrx_word' id='word_1_173' title='bbox 932 4321 968 4338; x_wconf 92' lang='lat'><strong>..</strong></span> <span class='ocrx_word' id='word_1_174' title='bbox 1109 4245 1362 4355; x_wconf 68' lang='lat' dir='ltr'><strong>&lt;protum</strong></span> 
     </span>
    </p>
   </div>
   <div class='ocr_carea' id='block_1_10' title="bbox 271 4502 1758 4752">
    <p class='ocr_par' dir='ltr' id='par_1_10' title="bbox 271 4502 1758 4752">
     <span class='ocr_line' id='line_1_24' title="bbox 388 4502 1756 4608; baseline 0.003 -22"><span class='ocrx_word' id='word_1_175' title='bbox 388 4508 445 4586; x_wconf 83' lang='lat' dir='ltr'><strong>llx</strong></span> <span class='ocrx_word' id='word_1_176' title='bbox 473 4505 641 4600; x_wconf 81' lang='lat' dir='ltr'><strong>abrupto</strong></span> <span class='ocrx_word' id='word_1_177' title='bbox 669 4522 866 4583; x_wconf 85' lang='lat' dir='ltr'><strong>marmore</strong></span> <span class='ocrx_word' id='word_1_178' title='bbox 896 4505 1054 4600; x_wconf 87' lang='lat' dir='ltr'><strong>reperto</strong></span> <span class='ocrx_word' id='word_1_179' title='bbox 1082 4502 1125 4582; x_wconf 90' lang='lat' dir='ltr'><strong>in</strong></span> <span class='ocrx_word' id='word_1_180' title='bbox 1154 4507 1220 4588; x_wconf 81' lang='lat' dir='ltr'><strong>via</strong></span> <span class='ocrx_word' id='word_1_181' title='bbox 1248 4529 1353 4608; x_wconf 87' lang='lat' dir='ltr'><strong>quae</strong></span> <span class='ocrx_word' id='word_1_182' title='bbox 1381 4532 1407 4588; x_wconf 91' lang='lat' dir='ltr'><strong>a</strong></span> <span class='ocrx_word' id='word_1_183' title='bbox 1435 4511 1536 4591; x_wconf 75' lang='lat' dir='ltr'><strong>Foru</strong></span> <span class='ocrx_word' id='word_1_184' title='bbox 1564 4513 1615 4591; x_wconf 87' lang='lat' dir='ltr'><strong>ad</strong></span> <span class='ocrx_word' id='word_1_185' title='bbox 1635 4513 1756 4591; x_wconf 83' lang='lat' dir='ltr'><strong>Thea·</strong></span> 
     </span>
     <span class='ocr_line' id='line_1_25' title="bbox 271 4632 1758 4752; baseline 0.005 -30"><span class='ocrx_word' id='word_1_186' title='bbox 271 4647 374 4722; x_wconf 85' lang='lat' dir='ltr'><strong>trum</strong></span> <span class='ocrx_word' id='word_1_187' title='bbox 403 4645 513 4723; x_wconf 91' lang='lat' dir='ltr'><strong>ducit</strong></span> <span class='ocrx_word' id='word_1_188' title='bbox 541 4632 605 4746; x_wconf 73' lang='lat'><strong>⁴⁹),</strong></span> <span class='ocrx_word' id='word_1_189' title='bbox 637 4643 739 4720; x_wconf 82' lang='lat' dir='ltr'><strong>llaec</strong></span> <span class='ocrx_word' id='word_1_190' title='bbox 769 4642 876 4722; x_wconf 86' lang='lat' dir='ltr'><strong>edita</strong></span> <span class='ocrx_word' id='word_1_191' title='bbox 906 4646 999 4724; x_wconf 89' lang='lat' dir='ltr'><strong>sunt</strong></span> <span class='ocrx_word' id='word_1_192' title='bbox 1024 4664 1052 4720; x_wconf 92' lang='lat' dir='ltr'><strong>a</strong></span> <span class='ocrx_word' id='word_1_193' title='bbox 1079 4644 1219 4739; x_wconf 82' lang='lat' dir='ltr'><strong>Lepsia</strong></span> <span class='ocrx_word' id='word_1_194' title='bbox 1245 4645 1385 4744; x_wconf 81' lang='lat' dir='ltr'><strong>(inser.</strong></span> <span class='ocrx_word' id='word_1_195' title='bbox 1409 4649 1616 4752; x_wconf 70' lang='lat' dir='ltr'><strong>emanet</strong></span> <span class='ocrx_word' id='word_1_196' title='bbox 1640 4669 1758 4731; x_wconf 79' lang='lat' dir='ltr'><strong>oscae</strong></span> 
     </span>
    </p>
   </div>
   <div class='ocr_carea' id='block_1_11' title="bbox 221 4901 1760 5670">
    <p class='ocr_par' dir='ltr' id='par_1_11' title="bbox 221 4901 1760 5670">
     <span class='ocr_line' id='line_1_26' title="bbox 311 4901 1760 4991; baseline 0.007 -27"><span class='ocrx_word' id='word_1_197' title='bbox 311 4906 350 4964; x_wconf 74' lang='lat'><strong>⁴⁹)</strong></span> <span class='ocrx_word' id='word_1_198' title='bbox 361 4904 407 4968; x_wconf 84' lang='lat' dir='ltr'><strong>lta</strong></span> <span class='ocrx_word' id='word_1_199' title='bbox 421 4903 514 4968; x_wconf 86' lang='lat' dir='ltr'><strong>hebet</strong></span> <span class='ocrx_word' id='word_1_200' title='bbox 533 4901 756 4968; x_wconf 81' lang='lat' dir='ltr'><strong>ttommsenine</strong></span> <span class='ocrx_word' id='word_1_201' title='bbox 770 4903 790 4969; x_wconf 93' lang='grc' dir='ltr'><strong>Ι.</strong></span> <span class='ocrx_word' id='word_1_202' title='bbox 803 4923 831 4968; x_wconf 90' lang='lat' dir='ltr'><strong>c.</strong></span> <span class='ocrx_word' id='word_1_203' title='bbox 850 4905 994 4971; x_wconf 81' lang='lat' dir='ltr'><strong>«Getnn-</strong></span> <span class='ocrx_word' id='word_1_204' title='bbox 1033 4905 1452 4990; x_wconf 58' lang='lat' dir='ltr'><strong>animumanimum</strong></span> <span class='ocrx_word' id='word_1_205' title='bbox 1466 4910 1518 4991; x_wconf 81' lang='lat' dir='ltr'><strong>qui</strong></span> <span class='ocrx_word' id='word_1_206' title='bbox 1530 4911 1760 4974; x_wconf 76' lang='lat' dir='ltr'><strong>nominaexlrt·</strong></span> 
     </span>
     <span class='ocr_line' id='line_1_27' title="bbox 271 4999 1758 5090; baseline 0.005 -27"><span class='ocrx_word' id='word_1_207' title='bbox 271 5000 332 5064; x_wconf 91' lang='lat' dir='ltr'><strong>den</strong></span> <span class='ocrx_word' id='word_1_208' title='bbox 345 5002 403 5064; x_wconf 86' lang='lat' dir='ltr'><strong>mit</strong></span> <span class='ocrx_word' id='word_1_209' title='bbox 416 4999 488 5064; x_wconf 87' lang='lat' dir='ltr'><strong>dem</strong></span> <span class='ocrx_word' id='word_1_210' title='bbox 503 4999 993 5081; x_wconf 73' lang='lat' dir='ltr'><strong>Fragmenteinerlnectrriltder</strong></span> <span class='ocrx_word' id='word_1_211' title='bbox 1033 5003 1087 5068; x_wconf 87' lang='lat' dir='ltr'><strong>bet</strong></span> <span class='ocrx_word' id='word_1_212' title='bbox 1106 5005 1324 5070; x_wconf 82' lang='lat' dir='ltr'><strong>ministrorum</strong></span> <span class='ocrx_word' id='word_1_213' title='bbox 1345 5006 1491 5072; x_wconf 66' lang='lat' dir='ltr'><strong>Mercurii</strong></span> <span class='ocrx_word' id='word_1_214' title='bbox 1514 5014 1547 5070; x_wconf 89' lang='lat' dir='ltr'><strong>et</strong></span> <span class='ocrx_word' id='word_1_215' title='bbox 1570 5006 1669 5071; x_wconf 67' lang='lat' dir='ltr'><strong>fletae</strong></span> <span class='ocrx_word' id='word_1_216' title='bbox 1689 5007 1758 5090; x_wconf 78' lang='lat' dir='ltr'><strong>ipse</strong></span> 
     </span>
     <span class='ocr_line' id='line_1_28' title="bbox 221 5099 1754 5188; baseline 0.005 -25"><span class='ocrx_word' id='word_1_217' title='bbox 221 5135 225 5142; x_wconf 90' lang='lat'>·</span> <span class='ocrx_word' id='word_1_218' title='bbox 270 5099 448 5164; x_wconf 70' lang='lat' dir='ltr'><strong>belenmm</strong></span> <span class='ocrx_word' id='word_1_219' title='bbox 476 5099 749 5182; x_wconf 79' lang='lat' dir='ltr'><strong>pompeianirellen</strong></span> <span class='ocrx_word' id='word_1_220' title='bbox 777 5101 911 5166; x_wconf 80' lang='lat' dir='ltr'><strong>ministri</strong></span> <span class='ocrx_word' id='word_1_221' title='bbox 946 5103 989 5167; x_wconf 87' lang='lat' dir='ltr'><strong>tm</strong></span> <span class='ocrx_word' id='word_1_222' title='bbox 1028 5104 1253 5170; x_wconf 70' lang='lat' dir='ltr'><strong>Mommsentus</strong></span> <span class='ocrx_word' id='word_1_223' title='bbox 1265 5103 1431 5187; x_wconf 75' lang='lat' dir='ltr'><strong>descripsit</strong></span> <span class='ocrx_word' id='word_1_224' title='bbox 1441 5106 1553 5188; x_wconf 69' lang='lat' dir='ltr'><strong>(insen</strong></span> <span class='ocrx_word' id='word_1_225' title='bbox 1568 5104 1754 5188; x_wconf 71' lang='lat' dir='ltr'><strong>recnineep.</strong></span> 
     </span>
     <span class='ocr_line' id='line_1_29' title="bbox 269 5197 1757 5284; baseline 0.001 -20"><span class='ocrx_word' id='word_1_226' title='bbox 269 5199 398 5281; x_wconf 82' lang='lat' dir='ltr'><strong>Tempet</strong></span> <span class='ocrx_word' id='word_1_227' title='bbox 412 5198 471 5263; x_wconf 87' lang='lat' dir='ltr'><strong>der</strong></span> <span class='ocrx_word' id='word_1_228' title='bbox 481 5197 587 5263; x_wconf 76' lang='lat' dir='ltr'><strong>Venus</strong></span> <span class='ocrx_word' id='word_1_229' title='bbox 599 5215 636 5264; x_wconf 78' lang='lat' dir='ltr'><strong>aa</strong></span> <span class='ocrx_word' id='word_1_230' title='bbox 648 5200 789 5283; x_wconf 79' lang='lat' dir='ltr'><strong>Pompeii</strong></span> <span class='ocrx_word' id='word_1_231' title='bbox 800 5219 850 5266; x_wconf 87' lang='lat' dir='ltr'><strong>am</strong></span> <span class='ocrx_word' id='word_1_232' title='bbox 862 5204 892 5267; x_wconf 94' lang='grc'><strong>1.</strong></span> <span class='ocrx_word' id='word_1_233' title='bbox 908 5203 989 5284; x_wconf 77' lang='lat' dir='ltr'><strong>Aug.</strong></span> <span class='ocrx_word' id='word_1_234' title='bbox 1033 5198 1089 5264; x_wconf 79' lang='lat' dir='ltr'><strong>int.</strong></span> <span class='ocrx_word' id='word_1_235' title='bbox 1106 5216 1178 5280; x_wconf 72' lang='lat' dir='ltr'><strong>pag.</strong></span> <span class='ocrx_word' id='word_1_236' title='bbox 1194 5199 1262 5280; x_wconf 88' lang='lat' dir='ltr'><strong>lt&#39;l,</strong></span> <span class='ocrx_word' id='word_1_237' title='bbox 1278 5199 1419 5281; x_wconf 61' lang='grc'><strong>118888)</strong></span> <span class='ocrx_word' id='word_1_238' title='bbox 1433 5219 1440 5263; x_wconf 90' lang='lat'><strong>:</strong></span> <span class='ocrx_word' id='word_1_239' title='bbox 1455 5199 1592 5281; x_wconf 82' lang='lat' dir='ltr'><strong>ipsisque</strong></span> <span class='ocrx_word' id='word_1_240' title='bbox 1605 5200 1683 5264; x_wconf 83' lang='lat' dir='ltr'><strong>actis</strong></span> <span class='ocrx_word' id='word_1_241' title='bbox 1696 5201 1757 5265; x_wconf 86' lang='lat' dir='ltr'><strong>sub</strong></span> 
     </span>
     <span class='ocr_line' id='line_1_30' title="bbox 269 5293 1757 5381; baseline 0.003 -23"><span class='ocrx_word' id='word_1_242' title='bbox 269 5294 350 5360; x_wconf 88' lang='grc'><strong>1818</strong></span> <span class='ocrx_word' id='word_1_243' title='bbox 370 5293 542 5378; x_wconf 83' lang='lat' dir='ltr'><strong>(nectrden</strong></span> <span class='ocrx_word' id='word_1_244' title='bbox 562 5293 727 5358; x_wconf 72' lang='lat' dir='ltr'><strong>Bedchtw</strong></span> <span class='ocrx_word' id='word_1_245' title='bbox 747 5295 805 5361; x_wconf 82' lang='lat' dir='ltr'><strong>dea</strong></span> <span class='ocrx_word' id='word_1_246' title='bbox 823 5298 994 5366; x_wconf 71' lang='lat' dir='ltr'><strong>Antachara</strong></span> <span class='ocrx_word' id='word_1_247' title='bbox 1032 5295 1291 5362; x_wconf 73' lang='lat' dir='ltr'><strong>disteterunt.</strong></span> <span class='ocrx_word' id='word_1_248' title='bbox 1309 5299 1386 5363; x_wconf 88' lang='grc'><strong>1818</strong></span> <span class='ocrx_word' id='word_1_249' title='bbox 1403 5301 1552 5381; x_wconf 72' lang='lat' dir='ltr'><strong>sculptum</strong></span> <span class='ocrx_word' id='word_1_250' title='bbox 1576 5308 1624 5364; x_wconf 85' lang='lat' dir='ltr'><strong>est</strong></span> <span class='ocrx_word' id='word_1_251' title='bbox 1640 5323 1655 5360; x_wconf 72' lang='lat' dir='ltr'><strong>e</strong></span> <span class='ocrx_word' id='word_1_252' title='bbox 1669 5300 1757 5365; x_wconf 83' lang='lat' dir='ltr'><strong>Netta</strong></span> 
     </span>
     <span class='ocr_line' id='line_1_31' title="bbox 270 5388 1755 5476; baseline 0.001 -20"><span class='ocrx_word' id='word_1_253' title='bbox 270 5388 454 5472; x_wconf 77' lang='lat' dir='ltr'><strong>Amieonel»</strong></span> <span class='ocrx_word' id='word_1_254' title='bbox 463 5392 608 5456; x_wconf 78' lang='lat' dir='ltr'><strong>Attamen</strong></span> <span class='ocrx_word' id='word_1_255' title='bbox 623 5390 653 5452; x_wconf 91' lang='lat' dir='ltr'><strong>in</strong></span> <span class='ocrx_word' id='word_1_256' title='bbox 669 5391 745 5456; x_wconf 81' lang='lat' dir='ltr'><strong>ertia</strong></span> <span class='ocrx_word' id='word_1_257' title='bbox 756 5393 824 5458; x_wconf 78' lang='lat' dir='ltr'><strong>eius</strong></span> <span class='ocrx_word' id='word_1_258' title='bbox 837 5395 900 5460; x_wconf 90' lang='lat' dir='ltr'><strong>dtei</strong></span> <span class='ocrx_word' id='word_1_259' title='bbox 912 5393 993 5460; x_wconf 78' lang='lat' dir='ltr'><strong>duna</strong></span> <span class='ocrx_word' id='word_1_260' title='bbox 1030 5391 1169 5476; x_wconf 83' lang='lat' dir='ltr'><strong>spirante</strong></span> <span class='ocrx_word' id='word_1_261' title='bbox 1179 5391 1345 5457; x_wconf 73' lang='lat' dir='ltr'><strong>aestimans</strong></span> <span class='ocrx_word' id='word_1_262' title='bbox 1358 5394 1438 5459; x_wconf 78' lang='lat' dir='ltr'><strong>ettro</strong></span> <span class='ocrx_word' id='word_1_263' title='bbox 1449 5412 1513 5458; x_wconf 91' lang='lat' dir='ltr'><strong>ann</strong></span> <span class='ocrx_word' id='word_1_264' title='bbox 1526 5394 1686 5459; x_wconf 72' lang='lat' dir='ltr'><strong>decenno</strong></span> <span class='ocrx_word' id='word_1_265' title='bbox 1697 5412 1755 5458; x_wconf 88' lang='lat' dir='ltr'><strong>ne-</strong></span> 
     </span>
     <span class='ocr_line' id='line_1_32' title="bbox 269 5485 1755 5576; baseline 0.003 -27"><span class='ocrx_word' id='word_1_266' title='bbox 269 5485 391 5571; x_wconf 79' lang='lat' dir='ltr'><strong>lapides</strong></span> <span class='ocrx_word' id='word_1_267' title='bbox 413 5494 554 5569; x_wconf 75' lang='lat' dir='ltr'><strong>repende</strong></span> <span class='ocrx_word' id='word_1_268' title='bbox 575 5485 729 5569; x_wconf 75' lang='lat' dir='ltr'><strong>tegimus,</strong></span> <span class='ocrx_word' id='word_1_269' title='bbox 755 5506 892 5571; x_wconf 82' lang='lat' dir='ltr'><strong>quornm</strong></span> <span class='ocrx_word' id='word_1_270' title='bbox 915 5489 994 5555; x_wconf 79' lang='lat' dir='ltr'><strong>alter</strong></span> <span class='ocrx_word' id='word_1_271' title='bbox 1032 5490 1168 5574; x_wconf 69' lang='lat' dir='ltr'><strong>gliscunt</strong></span> <span class='ocrx_word' id='word_1_272' title='bbox 1179 5490 1432 5576; x_wconf 83' lang='lat' dir='ltr'><strong>diPempet,clre</strong></span> <span class='ocrx_word' id='word_1_273' title='bbox 1443 5499 1491 5556; x_wconf 79' lang='lat' dir='ltr'><strong>tre</strong></span> <span class='ocrx_word' id='word_1_274' title='bbox 1503 5492 1532 5556; x_wconf 90' lang='lat' dir='ltr'><strong>te</strong></span> <span class='ocrx_word' id='word_1_275' title='bbox 1546 5501 1628 5556; x_wconf 82' lang='lat' dir='ltr'><strong>terre</strong></span> <span class='ocrx_word' id='word_1_276' title='bbox 1640 5493 1665 5555; x_wconf 86' lang='lat' dir='ltr'><strong>st</strong></span> <span class='ocrx_word' id='word_1_277' title='bbox 1676 5509 1755 5555; x_wconf 80' lang='lat' dir='ltr'><strong>senc</strong></span> 
     </span>
     <span class='ocr_line' id='line_1_33' title="bbox 269 5585 1755 5670; baseline 0.003 -20"><span class='ocrx_word' id='word_1_278' title='bbox 269 5585 662 5666; x_wconf 68' lang='lat' dir='ltr'><strong>graeeislitterisexaratus</strong></span> <span class='ocrx_word' id='word_1_279' title='bbox 682 5596 766 5670; x_wconf 87' lang='lat' dir='ltr'><strong>eret,</strong></span> <span class='ocrx_word' id='word_1_280' title='bbox 783 5591 994 5659; x_wconf 70' lang='lat' dir='ltr'><strong>mulmeeon</strong></span> <span class='ocrx_word' id='word_1_281' title='bbox 1032 5590 1186 5654; x_wconf 77' lang='lat' dir='ltr'><strong>rinnanuli</strong></span> <span class='ocrx_word' id='word_1_282' title='bbox 1200 5587 1263 5654; x_wconf 78' lang='lat' dir='ltr'><strong>due</strong></span> <span class='ocrx_word' id='word_1_283' title='bbox 1276 5589 1455 5657; x_wconf 71' lang='lat' dir='ltr'><strong>frammenti</strong></span> <span class='ocrx_word' id='word_1_284' title='bbox 1477 5590 1681 5670; x_wconf 79' lang='lat' dir='ltr'><strong>d’tscrtrioni,</strong></span> <span class='ocrx_word' id='word_1_285' title='bbox 1693 5608 1755 5654; x_wconf 82' lang='lat' dir='ltr'><strong>nnn</strong></span> 
     </span>
    </p>
   </div>
   <div class='ocr_carea' id='block_1_12' title="bbox 0 0 2242 6400">
    <p class='ocr_par' dir='ltr' id='par_1_12' title="bbox 0 0 2242 6400">
     <span class='ocr_line' id='line_1_34' title="bbox 0 0 2242 6400; baseline 0 0"><span class='ocrx_word' id='word_1_286' title='bbox 0 0 2242 6400; x_wconf 95' lang='lat' dir='ltr'><strong> </strong></span> 
     </span>
    </p>
   </div>
  </div>
 </body>
</html>
