4475 6400
463 579 550 640 XXH
840 576 1078 639 MONVMRNTA
1095 576 1343 640 autumnales
1364 581 1579 644 nonnullus

464 756 554 837 pag.
591 737 669 842 88)
700 743 740 819 et
776 738 1051 818 Groteiendius
1082 741 1205 838 (liud.
1246 742 1343 843 linp.
1386 752 1506 825 oscae
1540 762 1629 839 pag.
1671 738 1852 846 Ml),
1886 747 1954 842 qui

464 878 572 955 bunc
601 879 759 956 tilulum
789 877 938 974 publici
967 879 1066 959 iuris
1096 879 1245 983 iecere,
1272 882 1445 978 lapidem
1474 883 1575 960 deae
1605 878 1699 959 Isidi
1728 902 1885 962 sacmm
1914 887 1953 960 el

463 1014 581 1106 capul
610 1012 808 1090 muliebre
836 1012 1124 1115 diademalem,
1156 1016 1263 1111 quod
1293 1017 1459 1100 Veneris
1477 1014 1627 1094 llisirae
1646 1016 1723 1116 esl,
1744 1013 1843 1092 deae
1861 1013 1952 1093 Isidi
2086 1094 2089 1099 .

461 1143 766 1223 adscribendum
795 1151 1041 1225 censuerunt
1069 1139 1130 1226 48).

1121 1379 1295 1393 ——-

1191 1521 1221 1575 2.

492 1712 588 1807 mr
608 1728 719 1801 mur
737 1752 742 1767 ·
761 1730 829 1807 (Π
845 1750 852 1766 ·
868 1722 1033 1799 uterus
1052 1746 1058 1761 ·
1079 1726 1118 1798 ttt
1240 1701 1287 1790 tlt.
1309 1702 1445 1791 lisbius
1467 1701 1522 1789 lr.
1542 1702 1594 1809 tl.)
1606 1701 1731 1790 nullis
1751 1700 1868 1789 titirus

832 1852 1119 1928 quaesusumus
1188 1934 1189 1939 ,
1238 1845 1413 1934 liderla·
1431 1844 1562 1933 currit.

578 2135 623 2210 ln
654 2152 703 2209 eo
733 2130 837 2208 clivo
866 2128 935 2225 qui
965 2130 1054 2207 viae
1083 2126 1267 2205 imminet
1293 2122 1503 2224 Nuceriae,
1527 2122 1597 2201 ubi
1626 2122 1802 2199 scholam
1823 2125 1863 2199 el
1880 2125 1951 2200 ho·

461 2272 658 2367 rologium
687 2273 729 2347 b.
753 2268 951 2364 Sepunius
975 2264 1227 2346 Sandilianus
1248 2264 1287 2339 et
1306 2263 1354 2340 bl.
1381 2262 1601 2338 Herennius
1621 2259 1835 2354 spidianus
1854 2261 1952 2338 duo·

460 2407 538 2485 riri
575 2404 782 2505 lecerunt,
816 2422 937 2500 prope
974 2399 1144 2497 putealis
1178 2398 1466 2496 bideulallsque
1503 2399 1691 2494 reliquias
1728 2399 1951 2498 epistylium

462 2544 670 2621 inventum
700 2542 784 2644 est,
817 2541 925 2636 quod
954 2540 1115 2618 tilulum
1143 2538 1452 2634 suprascriptum
1483 2538 1644 2616 exbibet
1673 2536 1835 2641 (susm,
1868 2539 1953 2616 llis·

461 2678 558 2756 sert.
592 2676 694 2776 iscp.
729 2694 818 2771 cap.
852 2692 942 2770 xm,
975 2669 997 2774 §
1030 2666 1101 2773 10,
1133 2690 1223 2767 pag.
1260 2664 1333 2771 87,
1366 2672 1447 2748 lab.
1482 2672 1665 2772 xrs-xx),
1698 2693 1806 2749 anno
1838 2667 1952 2749 1796

459 2816 525 2894 die
554 2812 856 2912 quartodecimo
885 2810 1033 2889 mensis
1061 2785 1159 2913 mai,
1191 2830 1301 2887 nuuc
1332 2809 1374 2886 in
1404 2812 1449 2888 R.
1483 2812 1580 2887 blus.
1617 2811 1729 2888 Borb.
1763 2824 1806 2888 11.
1844 2805 1944 2890 778.

577 2945 775 3025 Primores
805 2946 1043 3042 interpretes
1079 2943 1150 3039 qui
1177 2943 1347 3022 'uerbum
1376 2943 1720 3041 uumuuuffed
1748 2947 1954 3024 vertebant

458 3081 632 3184 ambire,
664 3080 931 3182 circumdare,
963 3081 1117 3179 replum
1142 3098 1318 3182 ponere,
1351 3083 1456 3160 unde
1485 3087 1596 3184 septo
1632 3084 1826 3164 conclusit
1858 3084 1977 3181 legi-’

462 3240 551 3298 mus
580 3221 687 3317 apud
718 3219 1031 3319 Groleiendium,
1054 3216 1126 3315 qui
1143 3219 1249 3300 hanc
1274 3201 1414 3301 rocem
1444 3244 1470 3300 a
1497 3209 1791 3320 praepositione
1821 3245 1884 3302 ua
1913 3227 1953 3302 et

462 3356 679 3453 praeterito
718 3354 988 3456 manuffed
1025 3355 1128 3434 idest
1166 3355 1334 3436 munivit
1369 3358 1630 3452 compositum
1670 3379 1757 3436 esse
1804 3359 1955 3454 putavit

459 3489 573 3584 (Rnd.
608 3490 705 3594 linp.
740 3514 860 3574 oscae
889 3512 979 3591 pag.
1013 3488 1089 3597 25,
1112 3494 1192 3571 lab.
1219 3511 1261 3590 rr,
1284 3514 1325 3568 n.
1356 3484 1415 3590 lr),
1438 3492 1628 3585 punctum
1656 3513 1738 3569 non
1769 3493 1954 3571 viderunt

458 3628 547 3719 post
576 3627 631 3704 ni
657 3648 734 3704 nec
764 3626 819 3704 in*
837 3626 1020 3704 litterali
1041 3625 1148 3705 vocis
1177 3628 1285 3728 triu,
1318 3647 1451 3725 neque
1482 3634 1529 3708 tr
1557 3653 1629 3728 pro
1649 3632 1812 3738 nomine
1832 3632 1954 3729 palris

460 3760 655 3840 Niumcrii
672 3763 754 3859 .qui
783 3765 947 3842 Trebius
976 3763 1097 3841 eliam
1126 3764 1416 3864 appellabalur,
1448 3785 1656 3861 accepere.
1687 3765 1763 3845 Sed
1794 3766 1954 3842 landem

459 3896 579 3974 lectio
607 3921 633 3977 a
662 3901 801 3998 Lepsio
830 3901 972 4000 (lusor.
996 3904 1128 3982 umbr.
1153 3906 1196 3983 et
1216 3919 1334 3978 oscae
1361 3918 1451 3995 pag.
1479 3894 1552 3999 67,
1576 3900 1656 3976 tab.
1681 3920 1791 3999 rxur,
1816 3919 1857 3975 n.
1886 3889 1954 3984 12)

458 4037 497 4113 el
526 4039 786 4116 Mommsenio
814 4036 971 4116 firmata
998 4044 1059 4118 est
1078 4040 1235 4137 (ilnter.'
1255 4038 1359 4117 Diui.
1384 4057 1475 4136 pag.
1504 4033 1602 4135 182,
1626 4037 1705 4112 tab.
1730 4059 1771 4135 r,
1795 4059 1836 4113 u.
1862 4034 1951 4141 22),

456 4171 572 4249 cuius
601 4192 698 4250 vcro
728 4194 874 4254 novam
902 4174 1273 4271 interpretationem
1301 4198 1383 4256 non
1413 4196 1573 4276 sequar,
1606 4176 1701 4252 dum
1732 4196 1825 4276 eam
1850 4175 1951 4273 ipse·

456 4305 538 4388 mel
576 4306 856 4386 Mommsenius
894 4309 1084 4390 reiecisse
1128 4309 1286 4392 ridelur
1331 4313 1373 4390 in
1419 4312 1655 4408 explicando
1696 4310 1955 4412 tuupinud

457 4446 498 4522 el
526 4443 895 4546 aumonuffcd,
928 4467 1032 4544 quae
1071 4449 1260 4544 leguntur
1296 4452 1341 4528 in
1379 4471 1577 4528 marmore
1617 4450 1812 4529 Avellinio
1849 4450 1954 4529 edllo

458 4579 533 4679 (ll.
567 4583 669 4662 Mus.
704 4583 822 4660 Borb.
864 4584 961 4661 tom.
996 4604 1067 4682 vn,
1101 4603 1191 4681 pag.
1234 4583 1338 4689 ts):
1373 4591 1469 4687 quia
1504 4611 1587 4667 non
1611 4611 1697 4697 'suo
1733 4590 1846 4668 iussu
1882 4590 1954 4666 sed

458 4708 933 4816 (trulmpurulrt'ueis
969 4717 1230 4816 tunpioud
1258 4727 1444 4819 quaeslor
1481 4745 1581 4822 opus
1618 4725 1796 4819 ignotum
1833 4719 1971 4820 perii·-

496 4987 534 5045 ¹⁸)
546 4984 591 5049 Ex
603 4985 733 5050 claracii
745 4963 929 5067 apographo
940 4985 1025 5051 haud
1036 4987 1179 5051 sinemo·
1219 4987 1304 5053 isiaci
1316 4987 1418 5052 cultus
1430 4986 1608 5069 symbolum
1620 4985 1952 5066 sabensqoemrom·

456 5082 541 5147 xima
556 5081 717 5164 diligentia
733 5101 840 5147 mcum
862 5085 1001 5167 expressi
1018 5132 1027 5164 ,
1053 5094 1085 5149 et
1102 5105 1182 5170 pro·
1222 5088 1302 5171 pelis
1316 5087 1436 5151 tardius
1449 5086 1608 5168 adpulissc
1627 5085 1764 5160 videtur,
1783 5094 1949 5169 postquam

337 5179 340 5185 '
454 5191 539 5246 tome
556 5199 650 5262 quam
665 5181 729 5246 dixi
745 5182 837 5246 huius
852 5182 923 5245 libri
937 5182 1064 5246 titulum
1086 5200 1182 5247 exor-
1220 5184 1341 5249 scilicet
1361 5185 1479 5249 Romae
1504 5181 1650 5244 turbatus
1674 5180 1952 5264 interpellatusque

454 5280 536 5345 navi.
560 5278 658 5361 Caput
679 5279 832 5345 muliebre
853 5281 884 5343 iu
907 5299 982 5346 arcu
1003 5288 1110 5363 portae
1130 5293 1182 5346 se·
1221 5279 1348 5345 tandem
1363 5297 1502 5361 ¹prorsus
1529 5278 1681 5354 invaluit,
1698 5293 1771 5339 cum
1792 5274 1951 5358 aliquibus

454 5376 673 5462 pteotrionalis
688 5378 837 5460 locatum,
851 5382 1010 5464 ὅμφιλονᾶν
1023 5383 1113 5461 φολίδι
1130 5380 1183 5461 ll·
1223 5379 1388 5441 numinum
1410 5374 1563 5456 protomis
1580 5371 1827 5453 comparandum
1849 5378 1897 5434 est
1918 5371 1951 5433 in

456 5476 791 5559 missiamanum
802 5497 870 5560 cap.
885 5480 917 5558 o,
928 5487 1004 5542 tom.
1019 5477 1185 5560 r,pag.863
1224 5473 1359 5537 arcubus
1374 5477 1534 5553 portarum
1554 5467 1776 5551 amphitheatri
1799 5465 1947 5546 Campani

458 5572 648 5658 Dusulllsidi
661 5571 737 5636 dccc
753 5577 787 5635 ut
801 5571 864 5636 diri
879 5574 1040 5655 tributum,
1056 5574 1179 5640 nullum
1220 5573 1352 5655 repertis
1365 5571 1499 5653 lucrino,
1510 5571 1630 5651 L’oufit.
1643 5587 1742 5651 comp.
1760 5567 1824 5633 tab.
1841 5583 1879 5630 rr
1890 5565 1911 5645 ).
