<?xml version="1.0" encoding="UTF-8"?>
<!DOCTYPE html PUBLIC "-//W3C//DTD XHTML 1.0 Transitional//EN"
    "http://www.w3.org/TR/xhtml1/DTD/xhtml1-transitional.dtd">
<html xmlns="http://www.w3.org/1999/xhtml" xml:lang="en" lang="en">
 <head>
  <title>
</title>
<meta http-equiv="Content-Type" content="text/html;charset=utf-8" />
  <meta name='ocr-system' content='tesseract 3.04.00' />
  <meta name='ocr-capabilities' content='ocr_page ocr_carea ocr_par ocr_line ocrx_word'/>
</head>
<body>
  <div class='ocr_page' id='page_1' title='image "./monumentaepigra00fiorgoog_0032.png"; bbox 0 0 4475 6400; ppageno 0'>
   <div class='ocr_carea' id='block_1_1' title="bbox 469 580 1703 644">
    <p class='ocr_par' dir='ltr' id='par_1_1' title="bbox 469 580 1703 644">
     <span class='ocr_line' id='line_1_1' title="bbox 469 580 1703 644; baseline 0.001 -1"><span class='ocrx_word' id='word_1_1' title='bbox 469 582 564 643; x_wconf 79' lang='lat' dir='ltr'>XXVl</span> <span class='ocrx_word' id='word_1_2' title='bbox 839 580 1073 644; x_wconf 74' lang='lat' dir='ltr'>uouvltllllrl</span> <span class='ocrx_word' id='word_1_3' title='bbox 1093 580 1341 643; x_wconf 67' lang='lat' dir='ltr'>uetustiores</span> <span class='ocrx_word' id='word_1_4' title='bbox 1363 582 1575 644; x_wconf 72' lang='lat' dir='ltr'>uouemus</span> <span class='ocrx_word' id='word_1_5' title='bbox 1700 586 1703 591; x_wconf 69' lang='grc'>“</span> 
     </span>
    </p>
   </div>
   <div class='ocr_carea' id='block_1_2' title="bbox 365 743 1974 1955">
    <p class='ocr_par' dir='ltr' id='par_1_2' title="bbox 365 743 1974 1955">
     <span class='ocr_line' id='line_1_2' title="bbox 469 743 1948 847; baseline -0.002 -20"><span class='ocrx_word' id='word_1_6' title='bbox 469 747 526 827; x_wconf 82' lang='lat' dir='ltr'>vit</span> <span class='ocrx_word' id='word_1_7' title='bbox 558 745 824 847; x_wconf 80' lang='lat' dir='ltr'>reipublicae,</span> <span class='ocrx_word' id='word_1_8' title='bbox 864 743 922 824; x_wconf 93' lang='lat' dir='ltr'>uti</span> <span class='ocrx_word' id='word_1_9' title='bbox 956 744 1036 823; x_wconf 89' lang='lat' dir='ltr'>iam</span> <span class='ocrx_word' id='word_1_10' title='bbox 1070 743 1288 840; x_wconf 88' lang='lat' dir='ltr'>suspicatus</span> <span class='ocrx_word' id='word_1_11' title='bbox 1323 749 1409 822; x_wconf 90' lang='lat' dir='ltr'>erat</span> <span class='ocrx_word' id='word_1_12' title='bbox 1442 743 1683 847; x_wconf 79' lang='lat' dir='ltr'>Avellinius,</span> <span class='ocrx_word' id='word_1_13' title='bbox 1715 763 1795 841; x_wconf 90' lang='lat' dir='ltr'>quo</span> <span class='ocrx_word' id='word_1_14' title='bbox 1829 747 1948 824; x_wconf 90' lang='lat' dir='ltr'>etiam</span> 
     </span>
     <span class='ocr_line' id='line_1_3' title="bbox 470 876 1954 975; baseline 0.001 -17"><span class='ocrx_word' id='word_1_15' title='bbox 470 876 547 960; x_wconf 79' lang='lat' dir='ltr'>tri</span> <span class='ocrx_word' id='word_1_16' title='bbox 552 877 570 960; x_wconf 83' lang='lat' dir='ltr'>i</span> <span class='ocrx_word' id='word_1_17' title='bbox 576 881 687 961; x_wconf 75' lang='lat' dir='ltr'>bum</span> <span class='ocrx_word' id='word_1_18' title='bbox 723 880 1014 975; x_wconf 72' lang='lat' dir='ltr'>intelligebatur</span> <span class='ocrx_word' id='word_1_19' title='bbox 1051 877 1279 957; x_wconf 88' lang='lat' dir='ltr'>aedificium</span> <span class='ocrx_word' id='word_1_20' title='bbox 1315 877 1422 956; x_wconf 87' lang='lat' dir='ltr'>baud</span> <span class='ocrx_word' id='word_1_21' title='bbox 1464 879 1725 957; x_wconf 85' lang='lat' dir='ltr'>Romanorum</span> <span class='ocrx_word' id='word_1_22' title='bbox 1764 878 1954 959; x_wconf 67' lang='lat' dir='ltr'>tribuouti</span> 
     </span>
     <span class='ocr_line' id='line_1_4' title="bbox 470 1018 1951 1119; baseline -0.001 -21"><span class='ocrx_word' id='word_1_23' title='bbox 470 1021 692 1119; x_wconf 86' lang='lat' dir='ltr'>diversum,</span> <span class='ocrx_word' id='word_1_24' title='bbox 725 1039 796 1097; x_wconf 89' lang='lat' dir='ltr'>seu</span> <span class='ocrx_word' id='word_1_25' title='bbox 825 1019 957 1096; x_wconf 87' lang='lat' dir='ltr'>locum</span> <span class='ocrx_word' id='word_1_26' title='bbox 985 1018 1201 1096; x_wconf 89' lang='lat' dir='ltr'>multorum</span> <span class='ocrx_word' id='word_1_27' title='bbox 1231 1018 1437 1097; x_wconf 91' lang='lat' dir='ltr'>bominum</span> <span class='ocrx_word' id='word_1_28' title='bbox 1467 1038 1675 1117; x_wconf 78' lang='lat' dir='ltr'>capacem,</span> <span class='ocrx_word' id='word_1_29' title='bbox 1708 1020 1776 1096; x_wconf 91' lang='lat' dir='ltr'>ubi</span> <span class='ocrx_word' id='word_1_30' title='bbox 1806 1019 1857 1097; x_wconf 90' lang='lat' dir='ltr'>dc</span> <span class='ocrx_word' id='word_1_31' title='bbox 1886 1041 1951 1098; x_wconf 90' lang='lat' dir='ltr'>re-</span> 
     </span>
     <span class='ocr_line' id='line_1_5' title="bbox 469 1151 1953 1271; baseline -0.002 -36"><span class='ocrx_word' id='word_1_32' title='bbox 469 1156 543 1237; x_wconf 93' lang='lat' dir='ltr'>bus</span> <span class='ocrx_word' id='word_1_33' title='bbox 573 1158 738 1255; x_wconf 88' lang='lat' dir='ltr'>publicis</span> <span class='ocrx_word' id='word_1_34' title='bbox 766 1157 1072 1271; x_wconf 77' lang='lat' dir='ltr'>cognoscebatur</span> <span class='ocrx_word' id='word_1_35' title='bbox 1101 1158 1141 1235; x_wconf 88' lang='lat' dir='ltr'>et</span> <span class='ocrx_word' id='word_1_36' title='bbox 1170 1151 1511 1252; x_wconf 77' lang='lat' dir='ltr'>pronuntiabatur:</span> <span class='ocrx_word' id='word_1_37' title='bbox 1544 1154 1651 1248; x_wconf 90' lang='lat' dir='ltr'>quod</span> <span class='ocrx_word' id='word_1_38' title='bbox 1669 1154 1718 1231; x_wconf 90' lang='lat' dir='ltr'>de</span> <span class='ocrx_word' id='word_1_39' title='bbox 1738 1155 1814 1233; x_wconf 91' lang='lat' dir='ltr'>boc</span> <span class='ocrx_word' id='word_1_40' title='bbox 1844 1173 1953 1251; x_wconf 89' lang='lat' dir='ltr'>pom·</span> 
     </span>
     <span class='ocr_line' id='line_1_6' title="bbox 470 1290 1949 1400; baseline 0 -28"><span class='ocrx_word' id='word_1_41' title='bbox 470 1296 612 1393; x_wconf 87' lang='lat' dir='ltr'>pelano</span> <span class='ocrx_word' id='word_1_42' title='bbox 640 1293 822 1373; x_wconf 87' lang='lat' dir='ltr'>aedificio</span> <span class='ocrx_word' id='word_1_43' title='bbox 851 1294 1047 1400; x_wconf 86' lang='lat' dir='ltr'>existimo,</span> <span class='ocrx_word' id='word_1_44' title='bbox 1070 1294 1111 1372; x_wconf 91' lang='lat' dir='ltr'>iu</span> <span class='ocrx_word' id='word_1_45' title='bbox 1141 1312 1222 1390; x_wconf 89' lang='lat' dir='ltr'>quo</span> <span class='ocrx_word' id='word_1_46' title='bbox 1251 1290 1426 1387; x_wconf 89' lang='lat' dir='ltr'>porticus</span> <span class='ocrx_word' id='word_1_47' title='bbox 1454 1292 1545 1370; x_wconf 90' lang='lat' dir='ltr'>suut</span> <span class='ocrx_word' id='word_1_48' title='bbox 1574 1295 1614 1368; x_wconf 88' lang='lat' dir='ltr'>et</span> <span class='ocrx_word' id='word_1_49' title='bbox 1643 1294 1849 1388; x_wconf 76' lang='lat' dir='ltr'>suggestus</span> <span class='ocrx_word' id='word_1_50' title='bbox 1877 1314 1949 1391; x_wconf 95' lang='lat' dir='ltr'>pro</span> 
     </span>
     <span class='ocr_line' id='line_1_7' title="bbox 470 1424 1952 1530; baseline -0.001 -17"><span class='ocrx_word' id='word_1_51' title='bbox 470 1433 739 1513; x_wconf 82' lang='lat' dir='ltr'>concionibus.</span> <span class='ocrx_word' id='word_1_52' title='bbox 767 1433 945 1527; x_wconf 87' lang='lat' dir='ltr'>Denique</span> <span class='ocrx_word' id='word_1_53' title='bbox 974 1440 1064 1511; x_wconf 90' lang='lat' dir='ltr'>oum</span> <span class='ocrx_word' id='word_1_54' title='bbox 1094 1434 1260 1530; x_wconf 81' lang='lat' dir='ltr'>verbum</span> <span class='ocrx_word' id='word_1_55' title='bbox 1290 1424 1368 1513; x_wconf 81' lang='lat' dir='ltr'>tri</span> <span class='ocrx_word' id='word_1_56' title='bbox 1373 1425 1390 1511; x_wconf 71' lang='grc' dir='ltr'>τ’</span> <span class='ocrx_word' id='word_1_57' title='bbox 1396 1427 1507 1513; x_wconf 74' lang='lat' dir='ltr'>brim</span> <span class='ocrx_word' id='word_1_58' title='bbox 1537 1432 1798 1511; x_wconf 83' lang='lat' dir='ltr'>Romanorum</span> <span class='ocrx_word' id='word_1_59' title='bbox 1828 1432 1952 1511; x_wconf 77' lang='lat' dir='ltr'>tribus</span> 
     </span>
     <span class='ocr_line' id='line_1_8' title="bbox 470 1565 1974 1668; baseline -0.001 -22"><span class='ocrx_word' id='word_1_60' title='bbox 470 1566 758 1664; x_wconf 87' lang='lat' dir='ltr'>quodammodo</span> <span class='ocrx_word' id='word_1_61' title='bbox 788 1565 1054 1668; x_wconf 76' lang='lat' dir='ltr'>exhibuisset,</span> <span class='ocrx_word' id='word_1_62' title='bbox 1091 1571 1211 1663; x_wconf 87' lang='lat' dir='ltr'>atque</span> <span class='ocrx_word' id='word_1_63' title='bbox 1240 1570 1387 1653; x_wconf 86' lang='lat' dir='ltr'>multae</span> <span class='ocrx_word' id='word_1_64' title='bbox 1417 1568 1521 1649; x_wconf 91' lang='lat' dir='ltr'>inter</span> <span class='ocrx_word' id='word_1_65' title='bbox 1549 1569 1737 1649; x_wconf 88' lang='lat' dir='ltr'>Oscorum</span> <span class='ocrx_word' id='word_1_66' title='bbox 1766 1569 1806 1646; x_wconf 95' lang='lat' dir='ltr'>et</span> <span class='ocrx_word' id='word_1_67' title='bbox 1836 1571 1974 1647; x_wconf 76' lang='lat' dir='ltr'>Grae·-</span> 
     </span>
     <span class='ocr_line' id='line_1_9' title="bbox 470 1686 1953 1805; baseline -0.001 -23"><span class='ocrx_word' id='word_1_68' title='bbox 470 1724 606 1782; x_wconf 91' lang='lat' dir='ltr'>corum</span> <span class='ocrx_word' id='word_1_69' title='bbox 643 1722 775 1783; x_wconf 84' lang='lat' dir='ltr'>mores</span> <span class='ocrx_word' id='word_1_70' title='bbox 805 1705 1029 1801; x_wconf 79' lang='lat' dir='ltr'>bonumque</span> <span class='ocrx_word' id='word_1_71' title='bbox 1058 1707 1198 1783; x_wconf 89' lang='lat' dir='ltr'>saltem</span> <span class='ocrx_word' id='word_1_72' title='bbox 1232 1686 1443 1783; x_wconf 79' lang='lat' dir='ltr'>affinitates</span> <span class='ocrx_word' id='word_1_73' title='bbox 1479 1701 1763 1805; x_wconf 72' lang='lat' dir='ltr'>interfuissent,</span> <span class='ocrx_word' id='word_1_74' title='bbox 1795 1701 1953 1782; x_wconf 85' lang='lat' dir='ltr'>uuiver-</span> 
     </span>
     <span class='ocr_line' id='line_1_10' title="bbox 365 1839 1952 1955; baseline -0.004 -34"><span class='ocrx_word' id='word_1_75' title='bbox 365 1950 369 1955; x_wconf 82' lang='lat'><em>.</em></span> <span class='ocrx_word' id='word_1_76' title='bbox 469 1862 557 1921; x_wconf 89' lang='lat' dir='ltr'>sum</span> <span class='ocrx_word' id='word_1_77' title='bbox 585 1842 773 1939; x_wconf 91' lang='lat' dir='ltr'>populum</span> <span class='ocrx_word' id='word_1_78' title='bbox 802 1842 1079 1938; x_wconf 84' lang='lat' dir='ltr'>pompeianum</span> <span class='ocrx_word' id='word_1_79' title='bbox 1108 1845 1152 1923; x_wconf 93' lang='lat' dir='ltr'>in</span> <span class='ocrx_word' id='word_1_80' title='bbox 1182 1842 1306 1923; x_wconf 86' lang='lat' dir='ltr'>tribus</span> <span class='ocrx_word' id='word_1_81' title='bbox 1334 1840 1526 1944; x_wconf 83' lang='lat' dir='ltr'>divisum,</span> <span class='ocrx_word' id='word_1_82' title='bbox 1565 1860 1614 1919; x_wconf 84' lang='lat' dir='ltr'>ac</span> <span class='ocrx_word' id='word_1_83' title='bbox 1651 1839 1846 1935; x_wconf 75' lang='lat' dir='ltr'>singulam</span> <span class='ocrx_word' id='word_1_84' title='bbox 1882 1839 1952 1919; x_wconf 88' lang='lat' dir='ltr'>tri·</span> 
     </span>
    </p>
   </div>
   <div class='ocr_carea' id='block_1_3' title="bbox 463 1978 2103 2105">
    <p class='ocr_par' dir='ltr' id='par_1_3' title="bbox 463 1978 2103 2105">
     <span class='ocr_line' id='line_1_11' title="bbox 463 1978 2103 2105; baseline 0.001 -45"><span class='ocrx_word' id='word_1_85' title='bbox 463 1984 565 2105; x_wconf 35' lang='lat' dir='ltr'>&#39;bum</span> <span class='ocrx_word' id='word_1_86' title='bbox 593 1982 636 2061; x_wconf 95' lang='lat' dir='ltr'>in</span> <span class='ocrx_word' id='word_1_87' title='bbox 663 2002 768 2063; x_wconf 86' lang='lat' dir='ltr'>anuo</span> <span class='ocrx_word' id='word_1_88' title='bbox 788 1981 838 2059; x_wconf 88' lang='lat' dir='ltr'>de</span> <span class='ocrx_word' id='word_1_89' title='bbox 869 1982 1037 2078; x_wconf 81' lang='lat' dir='ltr'>publicis</span> <span class='ocrx_word' id='word_1_90' title='bbox 1055 1981 1223 2078; x_wconf 75' lang='lat' dir='ltr'>negotiis</span> <span class='ocrx_word' id='word_1_91' title='bbox 1241 1978 1480 2063; x_wconf 88' lang='lat' dir='ltr'>decernendi</span> <span class='ocrx_word' id='word_1_92' title='bbox 1498 1980 1586 2063; x_wconf 86' lang='lat' dir='ltr'>iure</span> <span class='ocrx_word' id='word_1_93' title='bbox 1606 1980 1808 2081; x_wconf 87' lang='lat' dir='ltr'>donatum,</span> <span class='ocrx_word' id='word_1_94' title='bbox 1827 1981 1867 2057; x_wconf 92' lang='lat' dir='ltr'>et</span> <span class='ocrx_word' id='word_1_95' title='bbox 1885 1981 1955 2061; x_wconf 83' lang='lat' dir='ltr'>ba·</span> <span class='ocrx_word' id='word_1_96' title='bbox 2100 2024 2103 2031; x_wconf 95' lang='lat'><em>·</em></span> 
     </span>
    </p>
   </div>
   <div class='ocr_carea' id='block_1_4' title="bbox 468 2113 1953 2492">
    <p class='ocr_par' dir='ltr' id='par_1_4' title="bbox 468 2113 1953 2492">
     <span class='ocr_line' id='line_1_12' title="bbox 468 2113 1953 2223; baseline 0.001 -26"><span class='ocrx_word' id='word_1_97' title='bbox 468 2140 556 2198; x_wconf 89' lang='lat' dir='ltr'>rum</span> <span class='ocrx_word' id='word_1_98' title='bbox 586 2119 758 2198; x_wconf 89' lang='lat' dir='ltr'>tribuum</span> <span class='ocrx_word' id='word_1_99' title='bbox 788 2139 908 2201; x_wconf 85' lang='lat' dir='ltr'>uuam</span> <span class='ocrx_word' id='word_1_100' title='bbox 937 2141 1023 2201; x_wconf 88' lang='lat' dir='ltr'>esse</span> <span class='ocrx_word' id='word_1_101' title='bbox 1053 2123 1173 2223; x_wconf 87' lang='lat' dir='ltr'>banc,</span> <span class='ocrx_word' id='word_1_102' title='bbox 1191 2140 1293 2218; x_wconf 83' lang='lat' dir='ltr'>quae</span> <span class='ocrx_word' id='word_1_103' title='bbox 1312 2113 1678 2201; x_wconf 71' lang='lat' dir='ltr'>kambenoieis</span> <span class='ocrx_word' id='word_1_104' title='bbox 1706 2118 1865 2201; x_wconf 87' lang='lat' dir='ltr'>nomine</span> <span class='ocrx_word' id='word_1_105' title='bbox 1885 2138 1953 2215; x_wconf 86' lang='lat' dir='ltr'>ap·</span> 
     </span>
     <span class='ocr_line' id='line_1_13' title="bbox 469 2253 1950 2383; baseline 0.001 -52"><span class='ocrx_word' id='word_1_106' title='bbox 469 2254 628 2355; x_wconf 88' lang='lat' dir='ltr'>peliatu,</span> <span class='ocrx_word' id='word_1_107' title='bbox 661 2259 852 2351; x_wconf 87' lang='lat' dir='ltr'>pecuniae</span> <span class='ocrx_word' id='word_1_108' title='bbox 880 2253 1122 2351; x_wconf 88' lang='lat' dir='ltr'>reipublicae</span> <span class='ocrx_word' id='word_1_109' title='bbox 1142 2256 1311 2343; x_wconf 85' lang='lat' dir='ltr'>donatae</span> <span class='ocrx_word' id='word_1_110' title='bbox 1330 2260 1491 2341; x_wconf 88' lang='lat' dir='ltr'>modum</span> <span class='ocrx_word' id='word_1_111' title='bbox 1516 2258 1716 2383; x_wconf 63' lang='lat' dir='ltr'>finemque</span> <span class='ocrx_word' id='word_1_112' title='bbox 1736 2256 1950 2358; x_wconf 89' lang='lat' dir='ltr'>constituit,</span> 
     </span>
     <span class='ocr_line' id='line_1_14' title="bbox 470 2389 1416 2492; baseline 0 -24"><span class='ocrx_word' id='word_1_113' title='bbox 470 2391 704 2470; x_wconf 88' lang='lat' dir='ltr'>Garruccius</span> <span class='ocrx_word' id='word_1_114' title='bbox 732 2393 914 2488; x_wconf 88' lang='lat' dir='ltr'>opinatus</span> <span class='ocrx_word' id='word_1_115' title='bbox 946 2397 1005 2471; x_wconf 92' lang='lat' dir='ltr'>est</span> <span class='ocrx_word' id='word_1_116' title='bbox 1035 2393 1093 2491; x_wconf 91' lang='lat' dir='ltr'>(o.</span> <span class='ocrx_word' id='word_1_117' title='bbox 1128 2417 1165 2474; x_wconf 86' lang='lat' dir='ltr'>c.</span> <span class='ocrx_word' id='word_1_118' title='bbox 1200 2412 1290 2492; x_wconf 78' lang='lat' dir='ltr'>pag.</span> <span class='ocrx_word' id='word_1_119' title='bbox 1326 2389 1416 2489; x_wconf 82' lang='grc'><strong>90).</strong></span> 
     </span>
    </p>
   </div>
   <div class='ocr_carea' id='block_1_5' title="bbox 1179 2698 1236 2794">
    <p class='ocr_par' dir='ltr' id='par_1_5' title="bbox 1179 2698 1236 2794">
     <span class='ocr_line' id='line_1_15' title="bbox 1179 2698 1236 2794; baseline -0.211 0"><span class='ocrx_word' id='word_1_120' title='bbox 1179 2698 1236 2794; x_wconf 90' lang='lat' dir='ltr'>V.</span> 
     </span>
    </p>
   </div>
   <div class='ocr_carea' id='block_1_6' title="bbox 1150 2910 1279 2922">
    <p class='ocr_par' dir='ltr' id='par_1_6' title="bbox 1150 2910 1279 2922">
     <span class='ocr_line' id='line_1_16' title="bbox 1150 2910 1279 2922; baseline 0.016 -2"><span class='ocrx_word' id='word_1_121' title='bbox 1150 2910 1279 2922; x_wconf 57' lang='lat' dir='ltr'>ann—..—</span> 
     </span>
    </p>
   </div>
   <div class='ocr_carea' id='block_1_7' title="bbox 1196 3121 1207 3171">
    <p class='ocr_par' dir='ltr' id='par_1_7' title="bbox 1196 3121 1207 3171">
     <span class='ocr_line' id='line_1_17' title="bbox 1196 3121 1207 3171; baseline 0 0"><span class='ocrx_word' id='word_1_122' title='bbox 1196 3121 1207 3171; x_wconf 79' lang='lat' dir='ltr'>t</span> 
     </span>
    </p>
   </div>
   <div class='ocr_carea' id='block_1_8' title="bbox 509 3239 1751 3769">
    <p class='ocr_par' dir='ltr' id='par_1_8' title="bbox 510 3239 1639 3342">
     <span class='ocr_line' id='line_1_18' title="bbox 510 3239 1639 3342; baseline 0.012 -27"><span class='ocrx_word' id='word_1_123' title='bbox 510 3329 514 3340; x_wconf 18' lang='lat' dir='ltr'>v</span> <span class='ocrx_word' id='word_1_124' title='bbox 750 3244 817 3318; x_wconf 66' lang='lat' dir='ltr'>nu</span> <span class='ocrx_word' id='word_1_125' title='bbox 833 3271 840 3286; x_wconf 95' lang='lat'><strong>·</strong></span> <span class='ocrx_word' id='word_1_126' title='bbox 857 3246 1121 3340; x_wconf 64' lang='lat' dir='ltr'>provo-(utu,</span> <span class='ocrx_word' id='word_1_127' title='bbox 1205 3265 1208 3274; x_wconf 90' lang='lat'>·</span> <span class='ocrx_word' id='word_1_128' title='bbox 1271 3239 1351 3332; x_wconf 73' lang='lat' dir='ltr'>lais</span> <span class='ocrx_word' id='word_1_129' title='bbox 1371 3239 1484 3328; x_wconf 84' lang='lat' dir='ltr'>lrrirs</span> <span class='ocrx_word' id='word_1_130' title='bbox 1505 3240 1565 3327; x_wconf 77' lang='grc' dir='ltr'>Ιιὶ</span> <span class='ocrx_word' id='word_1_131' title='bbox 1586 3241 1639 3342; x_wconf 83' lang='lat' dir='ltr'>(ll</span> 
     </span>
    </p>

    <p class='ocr_par' dir='ltr' id='par_1_9' title="bbox 555 3390 1541 3632">
     <span class='ocr_line' id='line_1_19' title="bbox 555 3390 1424 3492; baseline -0.002 -24"><span class='ocrx_word' id='word_1_132' title='bbox 555 3399 573 3453; x_wconf 80' lang='lat'>2</span> <span class='ocrx_word' id='word_1_133' title='bbox 785 3395 1081 3488; x_wconf 59' lang='lat' dir='ltr'>civitatula)</span> <span class='ocrx_word' id='word_1_134' title='bbox 1144 3403 1146 3406; x_wconf 89' lang='grc'><strong><em>·</em></strong></span> <span class='ocrx_word' id='word_1_135' title='bbox 1273 3390 1424 3492; x_wconf 74' lang='lat' dir='ltr'>quaestor</span> 
     </span>
     <span class='ocr_line' id='line_1_20' title="bbox 706 3519 1541 3632; baseline -0.002 -24"><span class='ocrx_word' id='word_1_136' title='bbox 706 3536 1102 3632; x_wconf 68' lang='lat' dir='ltr'>assutuuorruuor)</span> <span class='ocrx_word' id='word_1_137' title='bbox 1279 3519 1541 3630; x_wconf 71' lang='lat' dir='ltr'>tri-prasius</span> 
     </span>
    </p>

    <p class='ocr_par' dir='ltr' id='par_1_10' title="bbox 509 3656 1751 3769">
     <span class='ocr_line' id='line_1_21' title="bbox 509 3656 1751 3769; baseline 0.002 -30"><span class='ocrx_word' id='word_1_138' title='bbox 509 3665 1105 3769; x_wconf 51' lang='lat' dir='ltr'>&#39;communion</span> <span class='ocrx_word' id='word_1_139' title='bbox 1277 3656 1404 3749; x_wconf 76' lang='lat' dir='ltr'>terreto</span> <span class='ocrx_word' id='word_1_140' title='bbox 1425 3659 1598 3748; x_wconf 75' lang='lat' dir='ltr'>lrocrlrn</span> <span class='ocrx_word' id='word_1_141' title='bbox 1617 3662 1751 3749; x_wconf 78' lang='lat' dir='ltr'>currit.</span> 
     </span>
    </p>
   </div>
   <div class='ocr_carea' id='block_1_9' title="bbox 646 3928 1487 3992">
    <p class='ocr_par' dir='ltr' id='par_1_11' title="bbox 646 3928 1487 3992">
     <span class='ocr_line' id='line_1_22' title="bbox 646 3928 1487 3992; baseline 0.011 -9"><span class='ocrx_word' id='word_1_142' title='bbox 646 3928 673 3983; x_wconf 78' lang='lat'>2·</span> <span class='ocrx_word' id='word_1_143' title='bbox 1460 3942 1487 3992; x_wconf 85' lang='grc'>3.</span> 
     </span>
    </p>
   </div>
   <div class='ocr_carea' id='block_1_10' title="bbox 570 4102 1962 4298">
    <p class='ocr_par' dir='ltr' id='par_1_12' title="bbox 570 4102 1962 4298">
     <span class='ocr_line' id='line_1_23' title="bbox 570 4102 1962 4193; baseline 0.011 -19"><span class='ocrx_word' id='word_1_144' title='bbox 570 4102 776 4177; x_wconf 69' lang='lat' dir='ltr'>torvilla</span> <span class='ocrx_word' id='word_1_145' title='bbox 1030 4111 1242 4186; x_wconf 57' lang='lat' dir='ltr'>{iiiviri-3</span> <span class='ocrx_word' id='word_1_146' title='bbox 1261 4145 1262 4148; x_wconf 41' lang='lat'>¹</span> <span class='ocrx_word' id='word_1_147' title='bbox 1282 4112 1539 4193; x_wconf 65' lang='lat' dir='ltr'>ovtrtlltuu</span> <span class='ocrx_word' id='word_1_148' title='bbox 1558 4139 1566 4154; x_wconf 90' lang='lat'><strong>·</strong></span> <span class='ocrx_word' id='word_1_149' title='bbox 1582 4117 1670 4191; x_wconf 75' lang='lat' dir='ltr'>ott·</span> <span class='ocrx_word' id='word_1_150' title='bbox 1686 4113 1854 4189; x_wconf 66' lang='lat' dir='ltr'>ztlltltlt</span> <span class='ocrx_word' id='word_1_151' title='bbox 1870 4167 1878 4182; x_wconf 87' lang='lat'><strong>.</strong></span> <span class='ocrx_word' id='word_1_152' title='bbox 1893 4116 1962 4188; x_wconf 67' lang='lat' dir='ltr'>(ltu</span> 
     </span>
     <span class='ocr_line' id='line_1_24' title="bbox 1149 4219 1960 4298; baseline 0.001 -5"><span class='ocrx_word' id='word_1_153' title='bbox 1149 4219 1312 4293; x_wconf 62' lang='lat' dir='ltr'>tmui-</span> <span class='ocrx_word' id='word_1_154' title='bbox 1331 4219 1630 4298; x_wconf 64' lang='lat' dir='ltr'>etatllffiemva</span> <span class='ocrx_word' id='word_1_155' title='bbox 1645 4246 1651 4261; x_wconf 94' lang='lat'><strong>·</strong></span> <span class='ocrx_word' id='word_1_156' title='bbox 1664 4221 1768 4297; x_wconf 75' lang='lat' dir='ltr'>ltllll</span> <span class='ocrx_word' id='word_1_157' title='bbox 1777 4222 1960 4295; x_wconf 65' lang='lat' dir='ltr'>curtillo</span> 
     </span>
    </p>
   </div>
   <div class='ocr_carea' id='block_1_11' title="bbox 1612 4331 1895 4406">
    <p class='ocr_par' dir='ltr' id='par_1_13' title="bbox 1612 4331 1895 4406">
     <span class='ocr_line' id='line_1_25' title="bbox 1612 4331 1895 4406; baseline 0 -2"><span class='ocrx_word' id='word_1_158' title='bbox 1612 4331 1895 4406; x_wconf 66' lang='lat' dir='ltr'>51388NMWN</span> 
     </span>
    </p>
   </div>
   <div class='ocr_carea' id='block_1_12' title="bbox 591 4567 1799 4955">
    <p class='ocr_par' dir='ltr' id='par_1_14' title="bbox 591 4567 1799 4955">
     <span class='ocr_line' id='line_1_26' title="bbox 591 4567 1799 4718; baseline 0.01 -64"><span class='ocrx_word' id='word_1_159' title='bbox 591 4567 716 4657; x_wconf 83' lang='lat' dir='ltr'>lione.</span> <span class='ocrx_word' id='word_1_160' title='bbox 803 4711 806 4718; x_wconf 20' lang='grc'>1</span> <span class='ocrx_word' id='word_1_161' title='bbox 1057 4574 1142 4662; x_wconf 76' lang='lat' dir='ltr'>lus</span> <span class='ocrx_word' id='word_1_162' title='bbox 1157 4574 1279 4665; x_wconf 84' lang='lat' dir='ltr'>ttlrirs</span> <span class='ocrx_word' id='word_1_163' title='bbox 1302 4576 1406 4665; x_wconf 77' lang='lat' dir='ltr'>loru</span> <span class='ocrx_word' id='word_1_164' title='bbox 1426 4577 1483 4679; x_wconf 85' lang='lat' dir='ltr'>(t.)</span> <span class='ocrx_word' id='word_1_165' title='bbox 1505 4588 1656 4689; x_wconf 62' lang='lat' dir='ltr'>scrutor</span> <span class='ocrx_word' id='word_1_166' title='bbox 1669 4582 1799 4692; x_wconf 72' lang='lat' dir='ltr'>prurit</span> 
     </span>
     <span class='ocr_line' id='line_1_27' title="bbox 1049 4718 1591 4808; baseline 0.006 -3"><span class='ocrx_word' id='word_1_167' title='bbox 1049 4720 1206 4808; x_wconf 79' lang='lat' dir='ltr'>nrltstiu</span> <span class='ocrx_word' id='word_1_168' title='bbox 1227 4718 1444 4805; x_wconf 78' lang='lat' dir='ltr'>tonberriu&#39;s</span> <span class='ocrx_word' id='word_1_169' title='bbox 1465 4719 1591 4808; x_wconf 76' lang='lat' dir='ltr'>locrus</span> 
     </span>
     <span class='ocr_line' id='line_1_28' title="bbox 1052 4862 1375 4955; baseline -0.003 -3"><span class='ocrx_word' id='word_1_170' title='bbox 1052 4862 1227 4955; x_wconf 80' lang='lat' dir='ltr'>iscicrlrn</span> <span class='ocrx_word' id='word_1_171' title='bbox 1242 4863 1375 4951; x_wconf 81' lang='lat' dir='ltr'>courit-</span> 
     </span>
    </p>
   </div>
   <div class='ocr_carea' id='block_1_13' title="bbox 465 5155 1961 5676">
    <p class='ocr_par' dir='ltr' id='par_1_15' title="bbox 465 5155 1961 5676">
     <span class='ocr_line' id='line_1_29' title="bbox 584 5155 1961 5263; baseline 0.007 -32"><span class='ocrx_word' id='word_1_172' title='bbox 584 5155 767 5235; x_wconf 87' lang='lat' dir='ltr'>Utrorum</span> <span class='ocrx_word' id='word_1_173' title='bbox 799 5159 1003 5240; x_wconf 91' lang='lat' dir='ltr'>titulorum</span> <span class='ocrx_word' id='word_1_174' title='bbox 1032 5162 1207 5246; x_wconf 82' lang='lat' dir='ltr'>inventio</span> <span class='ocrx_word' id='word_1_175' title='bbox 1250 5165 1423 5263; x_wconf 92' lang='lat' dir='ltr'>pertinet</span> <span class='ocrx_word' id='word_1_176' title='bbox 1450 5165 1503 5243; x_wconf 90' lang='lat' dir='ltr'>ad</span> <span class='ocrx_word' id='word_1_177' title='bbox 1531 5182 1681 5241; x_wconf 86' lang='lat' dir='ltr'>annum</span> <span class='ocrx_word' id='word_1_178' title='bbox 1717 5156 1844 5242; x_wconf 79' lang='lat' dir='ltr'>laur.</span> <span class='ocrx_word' id='word_1_179' title='bbox 1880 5161 1961 5242; x_wconf 87' lang='lat' dir='ltr'>Pri·</span> 
     </span>
     <span class='ocr_line' id='line_1_30' title="bbox 466 5288 1961 5396; baseline 0.008 -31"><span class='ocrx_word' id='word_1_180' title='bbox 466 5307 556 5368; x_wconf 89' lang='lat' dir='ltr'>mus</span> <span class='ocrx_word' id='word_1_181' title='bbox 585 5288 679 5382; x_wconf 67' lang='lat' dir='ltr'>lieu.</span> <span class='ocrx_word' id='word_1_182' title='bbox 714 5295 810 5376; x_wconf 83' lang='lat' dir='ltr'>Mus.</span> <span class='ocrx_word' id='word_1_183' title='bbox 835 5294 947 5378; x_wconf 91' lang='lat' dir='ltr'>Borb.</span> <span class='ocrx_word' id='word_1_184' title='bbox 973 5300 1151 5378; x_wconf 84' lang='lat' dir='ltr'>servatus</span> <span class='ocrx_word' id='word_1_185' title='bbox 1180 5299 1301 5380; x_wconf 87' lang='lat' dir='ltr'>babet</span> <span class='ocrx_word' id='word_1_186' title='bbox 1322 5322 1364 5378; x_wconf 90' lang='lat' dir='ltr'>n.</span> <span class='ocrx_word' id='word_1_187' title='bbox 1396 5294 1513 5378; x_wconf 79' lang='grc'><strong>2366</strong></span> <span class='ocrx_word' id='word_1_188' title='bbox 1543 5300 1777 5396; x_wconf 90' lang='lat' dir='ltr'>constatque</span> <span class='ocrx_word' id='word_1_189' title='bbox 1807 5301 1961 5380; x_wconf 91' lang='lat' dir='ltr'>duobus</span> 
     </span>
     <span class='ocr_line' id='line_1_31' title="bbox 466 5425 1961 5532; baseline 0.006 -31"><span class='ocrx_word' id='word_1_190' title='bbox 466 5425 715 5531; x_wconf 77' lang='lat' dir='ltr'>fragmentis,</span> <span class='ocrx_word' id='word_1_191' title='bbox 739 5451 907 5526; x_wconf 88' lang='lat' dir='ltr'>quorum</span> <span class='ocrx_word' id='word_1_192' title='bbox 938 5433 1108 5514; x_wconf 89' lang='lat' dir='ltr'>alterum</span> <span class='ocrx_word' id='word_1_193' title='bbox 1138 5435 1204 5516; x_wconf 85' lang='lat' dir='ltr'>die</span> <span class='ocrx_word' id='word_1_194' title='bbox 1239 5429 1294 5515; x_wconf 84' lang='lat'>12</span> <span class='ocrx_word' id='word_1_195' title='bbox 1322 5435 1460 5532; x_wconf 89' lang='lat' dir='ltr'>aprilis</span> <span class='ocrx_word' id='word_1_196' title='bbox 1486 5430 1672 5513; x_wconf 79' lang='lat' dir='ltr'>effossum</span> <span class='ocrx_word' id='word_1_197' title='bbox 1694 5435 1843 5530; x_wconf 88' lang='lat' dir='ltr'>publici</span> <span class='ocrx_word' id='word_1_198' title='bbox 1862 5434 1961 5513; x_wconf 87' lang='lat' dir='ltr'>iuris</span> 
     </span>
     <span class='ocr_line' id='line_1_32' title="bbox 465 5567 1959 5676; baseline 0.01 -35"><span class='ocrx_word' id='word_1_199' title='bbox 465 5567 646 5646; x_wconf 85' lang='lat' dir='ltr'>iecerunt</span> <span class='ocrx_word' id='word_1_200' title='bbox 675 5570 890 5652; x_wconf 79' lang='lat' dir='ltr'>ivellioius</span> <span class='ocrx_word' id='word_1_201' title='bbox 919 5572 982 5666; x_wconf 80' lang='lat' dir='ltr'>(a.</span> <span class='ocrx_word' id='word_1_202' title='bbox 1021 5576 1119 5656; x_wconf 75' lang='lat' dir='ltr'>Mur.</span> <span class='ocrx_word' id='word_1_203' title='bbox 1157 5578 1274 5656; x_wconf 82' lang='lat' dir='ltr'>Borb.</span> <span class='ocrx_word' id='word_1_204' title='bbox 1311 5579 1406 5656; x_wconf 86' lang='lat' dir='ltr'>tom.</span> <span class='ocrx_word' id='word_1_205' title='bbox 1442 5595 1517 5674; x_wconf 82' lang='lat' dir='ltr'>vu,</span> <span class='ocrx_word' id='word_1_206' title='bbox 1557 5592 1649 5670; x_wconf 75' lang='lat' dir='ltr'>pag.</span> <span class='ocrx_word' id='word_1_207' title='bbox 1695 5569 1792 5676; x_wconf 82' lang='lat' dir='ltr'>lo),</span> <span class='ocrx_word' id='word_1_208' title='bbox 1826 5575 1959 5656; x_wconf 87' lang='lat' dir='ltr'>Grute-</span> 
     </span>
    </p>
   </div>
   <div class='ocr_carea' id='block_1_14' title="bbox 0 0 2245 6400">
    <p class='ocr_par' dir='ltr' id='par_1_16' title="bbox 0 0 2245 6400">
     <span class='ocr_line' id='line_1_33' title="bbox 0 0 2245 6400; baseline 0 0"><span class='ocrx_word' id='word_1_209' title='bbox 0 0 2245 6400; x_wconf 95' lang='lat' dir='ltr'> </span> 
     </span>
    </p>
   </div>
  </div>
 </body>
</html>
